2888 4934
188 423 294 502 [roos]
555 401 878 482 uaaaoacmas.
1205 422 1245 487 n

187 568 281 642 sunt,
300 568 337 626 et
354 551 564 650 valleregis,
586 567 626 624 ut
642 552 790 649 subjecti
806 568 841 625 et
858 551 981 627 affines
999 569 1034 626 et
1048 556 1151 629 amici
1171 557 1247 629 sine

188 669 331 742 fictione
344 669 619 767 suffragarentur
628 670 966 768 ei,divulgaverunt.
978 675 1102 746 Franci
1113 699 1200 772 ergo
1213 688 1249 747 et

188 785 480 883 Burgundiones,
512 786 640 858 Morini
667 800 703 858 et
736 788 920 878 Britones,
950 787 1094 887 aliaeque
1126 791 1250 862 vicinae

188 916 310 1000 gentes
326 902 374 974 ad
390 901 572 974 liberalem
594 903 781 1000 patricium
803 919 1080 994 concurrerunt,
1106 920 1142 977 et
1159 905 1248 1003 pha·

188 1016 310 1115 langes
326 1019 402 1115 ejus
420 1017 661 1117 multipliciter
677 1035 865 1093 auxerunt.

234 1139 358 1208 Mense
366 1136 483 1232 junio,
497 1135 707 1208 Guillelmus
721 1162 781 1208 rex
794 1162 860 1236 per
873 1137 1102 1211 Alencionem
1116 1142 1251 1212 exerci-

190 1266 265 1322 tum
278 1249 392 1342 duait,
403 1252 594 1350 multisque
609 1251 779 1324 militibus
791 1254 952 1352 stipatus,
968 1253 1127 1326 hostium
1142 1254 1252 1352 regio·

189 1390 274 1438 nem
298 1366 531 1441 formidabilis
545 1368 710 1447 intravit.
731 1368 882 1440 Militum
903 1395 989 1443 vero
1006 1385 1130 1442 turmae
1153 1371 1251 1469 regio

186 1483 289 1578 jussu
306 1482 559 1555 Fredemaium
573 1483 631 1581 (i)
644 1500 789 1581 repente
806 1483 983 1576 adierunt,
1003 1500 1038 1557 et
1053 1510 1136 1558 cum
1150 1486 1253 1584 oppi-

190 1596 293 1669 danis
311 1597 489 1696 equitibus
505 1599 647 1672 militari
659 1600 825 1673 exercitio
841 1614 923 1672 ante
936 1615 1058 1698 portas
1073 1600 1178 1673 castri
1194 1600 1253 1672 ali-

191 1713 406 1810 quantulum
427 1731 663 1788 certaverunt.
685 1720 820 1788 Verum
842 1715 1029 1804 Radulfus,
1054 1716 1254 1788 vicecomes

191 1828 237 1901 de
266 1828 489 1902 Bellomonte
511 1830 583 1926 (2),
613 1832 687 1927 regi
711 1830 859 1929 supplex
886 1831 1056 1919 accurrit,
1082 1844 1118 1901 et
1140 1829 1254 1902 foedus

191 1944 310 2042 pacis,
344 1969 458 2042 usque
488 1946 535 2017 ad
572 1946 765 2017 terminum
800 1970 907 2042 quem
941 1945 1251 2034 denominaverat,

190 2058 323 2133 obnixe
335 2063 520 2160 poposcit:
535 2068 570 2132 A
581 2061 805 2152 sublimitate,
822 2063 950 2159 inquit,
972 2077 1085 2134 uestra
1098 2065 1251 2161 requiro,

190 2173 332 2246 domim
360 2202 444 2266 rex,
467 2176 649 2266 inducias,
674 2176 783 2248 donee
805 2177 924 2249 sulvus
948 2177 991 2249 de
1018 2179 1256 2249 Cenomannir

190 2287 327 2360 redeas.
360 2290 441 2363 Illic
461 2295 556 2362 enim
575 2293 712 2389 presul
734 2309 771 2363 et
794 2307 997 2364 senatorum
1026 2296 1145 2364 concio
1170 2319 1254 2364 con·

188 2407 299 2493 sbn't,
330 2405 443 2505 ibique
466 2410 662 2478 eommunis
690 2406 842 2507 quotidie
867 2407 911 2478 de
937 2423 1033 2479 statu
1060 2407 1198 2506 reipubl
1205 2411 1212 2426 ’

192 2537 364 2595 neeman
386 2540 421 2596 et
435 2523 659 2622 providentia
669 2524 733 2616 fit.
757 2521 934 2622 Quicquid
949 2522 1002 2594 ibi
1013 2540 1159 2621 paetum
1167 2522 1255 2621 fue·

192 2641 243 2710 rit
261 2637 450 2730 vobiscum,
472 2665 536 2711 nos
557 2656 745 2739 gratanter
765 2638 1023 2737 subsequemur,
1042 2640 1256 2738 etjrusioni-

191 2754 254 2826 bus
278 2760 399 2829 uestris
419 2761 457 2828 in
479 2757 637 2829 omnibus·
658 2756 895 2855 obsequemur.
924 2762 1007 2827 Haec
1031 2756 1173 2845 ideireo,
1194 2756 1256 2828 do-

193 2873 289 2941 mine
316 2897 398 2961 reu,
423 2872 557 2971 loquor,
587 2873 766 2972 majorum
794 2889 882 2943 natu
906 2872 1070 2959 consilio,
1097 2875 1197 2969 quia,
1226 2875 1261 2942 si

191 2987 269 3056 sine
285 2985 375 3058 bello
387 2990 529 3085 primur
544 2988 713 3085 defecero,
731 2991 945 3085 pariumque
965 3011 1123 3057 meorum
1142 2985 1258 3060 deser·

194 3116 261 3186 tor,
274 3105 417 3198 primur
424 3129 550 3201 pacem
560 3106 684 3192 iniero,
697 3106 808 3190 omni,
824 3105 901 3172 sine
915 3100 1029 3190 uun,
1043 3106 1169 3202 generi
1181 3128 1258 3175 meo

192 3213 342 3287 dedecus
354 3233 390 3288 et
406 3221 659 3317 improperium
668 3216 853 3317 generabo.
875 3215 1036 3288 Membra
1053 3233 1162 3315 caput
1177 3215 1256 3288 sub·

193 3336 297 3429 sequi
309 3331 443 3427 debent,
462 3360 534 3406 non
545 3333 758 3432 precedere,
777 3331 937 3428 etfaceti
951 3332 1162 3431 legitimique
1179 3357 1258 3402 rer-

195 3447 290 3517 nulae
311 3451 424 3546 magis
438 3465 565 3546 optant
578 3448 719 3547 obsequi
729 3447 884 3539 (lumino,
905 3473 1011 3546 quum
1021 3446 1159 3545 jubere.
1177 3451 1258 3518 Haec

233 3721 274 3793 (t)
287 3721 573 3780 Fremai-sur-Sarte.

231 3810 273 3880 (2)
293 3808 435 3867 Raoni‘de
450 3811 618 3879 beaumont,
633 3812 780 3868 deuxieme
796 3810 836 3866 du
856 3828 936 3878 nom,
956 3809 1074 3865 vicomte
1092 3809 1131 3864 du
1150 3810 1258 3882 Maiae,

196 3895 272 3953 frere
283 3899 369 3970 paine
381 3899 417 3956 de
429 3901 539 3958 Hubert
551 3902 586 3957 de
598 3901 770 3972 beaumont,
783 3900 930 3955 deuxieme
942 3898 982 3952 du
990 3916 1070 3968 nom,
1081 3899 1212 3971 seigneur
1224 3897 1260 3952 de

196 3985 451 4056 &inte-Susanne,
466 4009 522 4065 que
537 4009 609 4046 nous
621 4008 705 4046 avons
717 4008 753 4044 vu
769 3988 874 4062 figurer
892 3986 1042 4056 ci-dessus,
1057 3998 1078 4042 t.
1094 3988 1151 4056 111,
1164 4007 1192 4061 p.
1207 3987 1259 4043 tat

196 4085 227 4130 et
239 4076 388 4133 mirantes.
406 4079 447 4135 Ce
460 4082 591 4152 seigneur
604 4081 647 4134 snt
661 4079 823 4134 snrnomme
836 4077 937 4146 Prien,
950 4095 1032 4152 parce
1047 4077 1116 4152 qu'il
1131 4095 1166 4133 ne
1181 4085 1261 4149 meat

198 4162 368 4238 lebaptbne
379 4184 436 4241 qne
446 4167 605 4243 longtempa
616 4170 698 4242 apres
712 4185 738 4223 aa
753 4167 904 4224 missenee.
