2888 4934
192 443 254 502 270
462 434 645 497 HISTORIA
667 426 974 501 ECCLESIASTICA.
1140 442 1246 523 [ttot]

194 562 1247 643 Praefatumverocoenobiumadhucinmonachicoseheurate

192 682 395 781 neophytus
407 679 576 778 suscepit,
597 679 668 753 fere
684 704 782 751 nvn
797 681 901 753 aunis
915 680 1141 778 gubernavit,
1159 698 1197 757 et
1209 684 1248 759 ii

192 797 313 871 multis
323 797 418 869 intus
428 809 464 869 et
475 810 574 868 extra
581 795 798 867 emendavit.
809 799 898 868 Nam
911 798 1248 874 cancelltnnveteris

191 913 357 1002 ecclesie,
376 935 484 1008 quam
502 911 671 985 Ricardus
687 910 760 983 dux
774 926 1031 1003 construxerat,
1051 913 1198 1011 dejecit,
1212 930 1249 991 u

190 1029 327 1101 eximiae
340 1024 610 1127 pulchritudiuis
618 1049 727 1124 opere
738 1026 775 1097 iu
790 1024 918 1099 melius
929 1029 1126 1116 renovavit,
1140 1043 1248 1127 atque

192 1147 230 1217 in·
241 1142 462 1240 longitudine
475 1165 516 1212 ac
533 1141 718 1213 latitudine
731 1141 899 1238 decenter
909 1146 1164 1240 augmentavit.
1181 1148 1249 1217 Na·

191 1284 271 1332 vem
285 1282 432 1356 quoque
438 1256 599 1346 basilice,
615 1255 676 1327 uhi
689 1257 883 1328 oratorium
901 1261 1014 1331 aenou
1024 1258 1249 1332 Frodmuodi

191 1374 356 1463 habetur,
387 1372 565 1469 eleganter
587 1372 699 1460 auxit;
725 1394 888 1471 opusque
910 1373 1055 1447 tandem
1078 1399 1249 1449 comun-

191 1505 326 1562 matum
351 1513 373 1560 a
397 1486 588 1559 Guillehno
612 1485 895 1584 archiepiscopo,
919 1487 1069 1586 aliisque
1091 1505 1251 1588 quatuos·

190 1601 412 1700 presulibus,
435 1609 472 1672 x·
488 1607 552 1672 v11⁰
571 1598 741 1673 kalendas
758 1599 837 1697 julii
855 1602 908 1694 (l)
926 1605 1128 1676 consecrari
1151 1603 1247 1677 feeit.

189 1717 385 1789 Defunctus
404 1729 543 1804 autem,
563 1715 599 1786 in
619 1738 716 1787 novo
733 1738 859 1813 opere,
882 1716 982 1812 quod
997 1717 1043 1790 ab
1058 1718 1141 1817 ipsc
1159 1742 1250 1791 con·

188 1847 362 1905 structum
376 1845 441 1918 est,
459 1845 542 1903 ante
555 1852 655 1903 aram
671 1828 833 1926 gloriosae
845 1831 999 1927 Virginis
1013 1833 1131 1905 Mariae
1144 1844 1249 1905 coin·

189 1962 352 2044 petenter
366 1945 525 2046 sepultus
541 1960 594 2018 est
609 1945 676 2041 (2).

237 2062 337 2133 Multi
348 2061 523 2159 sapientes
536 2074 571 2132 et
584 2059 736 2133 illustres
751 2061 830 2149 viri,
852 2061 947 2133 mitis
962 2061 1252 2138 arohimudrit·

189 2174 296 2247 illecti
319 2198 460 2263 amore,
486 2174 700 2246 Fiseaunum
724 2173 991 2262 confluxerunt,
1013 2189 1049 2246 et
1069 2176 1106 2246 in
1123 2174 1251 2249 schola

189 2290 301 2363 diuini
316 2290 432 2361 cultus
444 2288 511 2361 sub
524 2289 654 2361 eodem
667 2313 815 2362 summae
831 2304 867 2362 et
882 2289 1073 2362 individuae
1085 2292 1250 2367 Trinitti

188 2419 389 2479 reverenter
410 2403 568 2476 famulati
587 2419 682 2476 sunt.
705 2403 841 2476 Fideles
858 2427 943 2502 ergo
961 2419 997 2477 et
1013 2405 1119 2479 amici
1135 2406 1251 2479 dista’·

188 2520 265 2620 puli
279 2519 391 2592 multa
405 2532 513 2618 super
528 2517 590 2589 illo
605 2542 712 2616 prosa
729 2542 794 2591 seu
808 2530 924 2591 metro
940 2520 1248 2618 museupsernus.

187 2636 345 2736 Speeiale
373 2650 492 2708 umen
520 2632 761 2733 epitaphium,
794 2634 893 2731 quod
920 2634 1148 2709 Hildebertus
1172 2634 1247 2735 (3),Ι

187 2750 702 2847 Cenomaunensisepiscopus,
715 2746 840 2838 edidit,
853 2746 1047 2845 elegerunt,
1058 2751 1249 2852 aureisque

188 2864 311 2939 litteris
326 2878 531 2939 cerasetum
547 2863 597 2935 sic
612 2886 719 2960 super
735 2861 836 2932 illum
851 2862 1111 2961 imposuerunt.

274 3040 447 3114 Pauperibus
458 3037 594 3112 locuples,
607 3047 636 3093 et
649 3037 717 3093 sacri
730 3036 852 3092 nominis
862 3035 960 3106 abbas,

309 3128 483 3195 Willelmus,
499 3126 557 3182 solo
567 3143 683 3200 corpore
693 3125 786 3181 cultor
796 3126 892 3196 humi,

222 3446 263 3516 (t)
280 3445 317 3500 Le
329 3445 435 3517 ttjuiu
447 3448 527 3501 ttoo.

223 3533 262 3606 (ἱ)
281 3533 358 3589 Nous
374 3551 408 3589 ue
424 3551 544 3606 pensons
558 3551 607 3606 pas
622 3532 691 3607 qn’il
705 3532 822 3590 subsiste
836 3553 890 3590 une
903 3535 1007 3609 grande
1019 3536 1112 3608 partie
1121 3534 1173 3592 des
1187 3546 1244 3591 tn·

187 3640 256 3680 vana
264 3624 416 3677 exeuntesh
428 3621 531 3695 l’egliee
541 3622 576 3678 de
584 3623 703 3697 champ
711 3623 1024 3681 sousl¹adrainistration
1034 3625 1071 3680 de
1081 3625 1245 3683 Gnillsuns

188 3710 224 3767 de
234 3708 303 3765 Ros.
314 3710 351 3765 La
363 3709 412 3764 uel
420 3726 437 3763 a
447 3712 493 3765 ete
504 3709 608 3765 rehitie
620 3729 656 3764 au
667 3722 724 3765 rur
736 3711 827 3779 siecle,
841 3722 870 3768 et
881 3711 908 3767 la
919 3711 1043 3786 chapelle
1054 3711 1127 3768 dela
1138 3713 1244 3789 Vioegs

188 3817 240 3855 ans
252 3805 296 3853 ιν·
307 3806 336 3852 et
347 3805 414 3867 xvrt,
425 3797 494 3852 ainsi
506 3817 561 3873 que
575 3808 653 3854 toute
666 3798 692 3853 la
705 3802 794 3871 partie
808 3798 990 3855 meridionale
999 3798 1039 3854 du
1050 3800 1160 3858 choeur.
1175 3797 1245 3857 ttats

189 3904 258 3944 nous
271 3903 387 3959 eroycus
400 3887 516 3960 pouvoir
526 3886 566 3942 lui
580 3886 719 3942 attribuer
731 3888 871 3962 plusieurs
885 3888 998 3944 arcades
1015 3888 1244 3963 septentrioni·

188 3978 272 4033 dece
291 3975 381 4034 meme
400 3976 507 4043 ehoeur,
524 3986 551 4030 et
572 3977 715 4049 peut-etro
733 3996 789 4034 nue
809 3977 934 4052 chapelle
953 3977 1186 4035 semi-circulaire
1202 3978 1242 4035 da

190 4076 325 4137 pourtonr
335 4063 375 4119 du
386 4063 493 4131 chevet,
507 4061 547 4117 du
558 4063 649 4120 meme
659 4064 730 4122 cote.

222 4155 262 4222 (3)
279 4153 334 4208 Sur
345 4171 376 4207 oe
390 4150 492 4225 prelat,
509 4169 590 4221 voyez
601 4151 756 4223 ei·deeeus‚
769 4171 797 4223 p.
810 4153 854 4208 tt.
