3130 5058
349 427 409 490 ree
617 423 804 486 msmrm
824 423 1134 488 uectusmsmci.
1199 427 1406 508 meeum

397 561 508 630 Porro
535 554 658 645 Balad,
685 570 784 628 tenta
806 557 1041 655 prosperitate
1062 555 1193 668 elatus,
1216 555 1406 646 exultavit,

349 697 488 772 regem,
506 673 705 770 militesque
722 673 862 744 vinctos
883 673 920 744 in
943 672 1099 745 Cherren
1117 672 1237 763 duxit,
1262 686 1298 745 et
1323 672 1408 746 inde

348 795 554 890 Carpetrum
568 791 638 887 (l),
653 788 713 861 ubi
725 789 857 862 diutius
868 812 930 861 eos
943 789 1147 862 custodivit.
1163 793 1225 862 Est
1237 788 1287 860 ibi
1299 781 1408 860 turris

348 907 519 997 murima,
546 905 715 1005 opulente
742 921 777 978 et
798 906 1051 997 munitissime,
1076 920 1114 978 et
1131 905 1178 978 de
1199 905 1407 1005 praecipuis,

346 1047 426 1122 quae
441 1024 478 1096 in
496 1021 584 1095 orbe
601 1036 769 1118 tyrannos
785 1021 976 1113 extollunt,
995 1046 1080 1095 una.

395 1137 450 1210 lbi
467 1138 660 1212 Balduinus
676 1162 738 1210 rex
756 1153 792 1210 et
806 1137 1002 1210 Joseelinue
1017 1152 1125 1236 etque
1141 1135 1406 1227 Guelerannus,

349 1254 497 1327 Pontius
508 1278 651 1352 quoque
666 1254 713 1326 de
725 1253 920 1343 Gavurred,
935 1253 1147 1343 vicecomes,
1167 1267 1204 1324 et
1218 1251 1409 1324 Gervasius

351 1371 438 1462 tiro,
464 1386 585 1469 atque⁴
598 1369 772 1441 Guiumar
792 1369 906 1459 Brito,
931 1367 1025 1441 filius
1044 1369 1172 1441 Aluuni
1192 1367 1349 1458 comitis,
1373 1383 1409 1439 et

345 1510 446 1557 xxxrr
458 1485 586 1557 milites
597 1483 702 1557 simul
715 1509 788 1556 uno
799 1508 897 1556 anno
908 1483 1018 1556 vincti
1029 1499 1126 1575 sunt,
1142 1509 1225 1556 cum
1238 1509 1283 1554 ιι
1294 1481 1410 1555 Chris·

345 1599 450 1673 tianis
466 1599 512 1672 de
529 1600 701 1672 Armeniis
716 1614 751 1672 et
768 1600 938 1690 Suriunis,
956 1623 1049 1698 quoe
1061 1598 1278 1697 jamdudum
1295 1597 1411 1697 capti·

346 1729 449 1787 vetos
481 1714 553 1788 illic
584 1716 799 1788 invenerunt
828 1715 897 1814 (2).
933 1713 1040 1788 Balad
1066 1730 1187 1788 eutem
1217 1715 1345 1787 turrim
1374 1726 1410 1785 et

344 1831 485 1903 vinctos
507 1855 590 1904 occu
616 1831 785 1904 militibus
807 1831 855 1903 ad
879 1830 1096 1903 servandum
1121 1828 1406 1918 commendavit,

345 2137 400 2206 nei,
412 2137 515 2193 second
527 2135 569 2192 lile
576 2135 612 2192 de
619 2135 739 2194 Joecelin
749 2135 794 2205 1⁶,
804 2135 873 2192 erait
881 2133 933 2190 alle
943 2136 958 2189 i
967 2134 993 2190 la
1002 2133 1201 2192 Terre-Salute
1209 2151 1274 2190 arec
1281 2134 1409 2202 Etienne,

345 2237 437 2282 comte
459 2225 494 2280 de
518 2225 605 2294 eleis,
627 2244 663 2281 en
684 2227 764 2281 llll.
782 2225 806 2280 Il
826 2234 907 2299 requt
921 2223 957 2279 de
975 2222 1121 2280 Beudouiu
1139 2222 1188 2293 1«,
1206 2224 1233 2279 lu
1252 2225 1413 2299 seigneurie

345 2313 381 2370 de
393 2313 544 2370 Tiberiade
552 2333 590 2370 ou
600 2314 729 2383 Taberie,
741 2324 770 2370 et
780 2315 815 2370 de
825 2313 971 2370 Beudouin
980 2313 1019 2368 du
1028 2313 1124 2388 Bourg
1132 2312 1158 2369 le
1167 2317 1260 2369 comte
1269 2313 1411 2371 d’Edeme.

344 2403 430 2460 Ceue
441 2403 488 2462 sut
499 2405 581 2476 point
591 2422 642 2476 pur
654 2402 727 2460 suite
738 2401 823 2458 d’uue
836 2403 963 2459 fanteieie
975 2403 1011 2458 de
1023 2403 1149 2460 celebrer
1159 2401 1186 2458 le
1193 2403 1260 2476 jour
1269 2403 1306 2458 de
1318 2403 1410 2478 Pique

343 2490 475 2549 lEdeeee
486 2509 541 2568 que
557 2490 584 2547 le
597 2492 640 2547 roi
652 2491 749 2552 tomba
764 2492 833 2548 daus
848 2490 889 2547 les
905 2491 1058 2550 embfichee
1074 2491 1110 2548 ‹le
1124 2491 1227 2562 Belalr,
1243 2493 1316 2550 maie
1330 2509 1412 2566 ptrue

344 2579 412 2654 qu'il
429 2576 499 2636 etait
517 2597 639 2636 eccouru
658 2580 900 2654 imprudemment
914 2599 987 2655 pour
1002 2580 1123 2637 delivrer
1139 2580 1272 2637 losceliu.
1289 2579 1410 2637 Celei-ci

344 2667 424 2748 tirait
440 2686 497 2724 sou·
508 2685 623 2724 turnom
640 2667 676 2724 de
696 2667 860 2737 Turbeseel,
879 2667 954 2724 l'une
972 2667 1021 2724 dee
1038 2669 1116 2725 villes
1137 2687 1192 2744 que
1208 2667 1357 2726 Beudouin
1374 2667 1412 2723 du

344 2755 440 2831 Bourg
455 2756 496 2813 lui
513 2757 587 2813 eruit
602 2756 726 2814 douneee
742 2757 870 2813 ll'ouert
887 2757 922 2813 de
939 2757 1113 2832 l'Euplrrete.
1131 2757 1157 2812 Il
1173 2757 1246 2812 eruit
1263 2775 1305 2812 uu
1324 2757 1410 2824 frete,

344 2843 471 2904 Geoffroi
488 2845 524 2901 de
541 2847 709 2915 Courteuei,
728 2849 891 2904 euruomme
907 2846 1050 2922 Chepelu,
1067 2847 1118 2922 qui
1135 2866 1164 2904 re
1181 2846 1327 2922 distingne
1340 2845 1411 2902 amsi

344 2932 514 3009 beaucoupi
525 2933 552 2990 lu
563 2935 770 3000 Terre-sainte,
783 2945 812 2991 et
822 2936 872 3010 qui
882 2955 901 3008 y
911 2936 1029 3009 periten
1038 2939 1118 3005 1439,
1130 2935 1256 3010 lorsqu’il
1268 2934 1412 2992 chereheit

345 3023 360 3075 i
374 3023 499 3079 secourir
512 3022 537 3078 le
548 3023 666 3080 chiteau
679 3024 716 3080 de
728 3023 937 3093 Montierrand‚
953 3025 1059 3100 aseie'ge
1070 3043 1120 3098 par
1132 3013 1172 3080 les
1185 3023 1327 3094 Iufideles.
1343 3023 1412 3079 llne

344 3107 406 3164 suut
419 3129 468 3183 pas
484 3111 673 3168 r'etonnerule
684 3114 746 3169 voir
756 3111 935 3167 uumembre
946 3112 982 3167 de
993 3111 1019 3168 la
1032 3111 1137 3168 lumille
1151 3112 1190 3167 du
1202 3112 1301 3168 Puieet
1314 3111 1411 3186 nupt&

345 3194 382 3252 de
396 3195 445 3252 lui.
458 3197 512 3256 Ces
525 3199 669 3274 seigneur·
679 3201 785 3258 etaient
799 3201 902 3256 misine
913 3199 972 3256 l'uu
984 3199 1020 3258 de
1032 3200 1146 3268 l’eutre,
1159 3211 1188 3256 et
1201 3198 1412 3273 probublemeut

347 3295 459 3355 parents
472 3302 510 3340 ou
523 3285 609 3342 allier.
623 3288 702 3344 Nous
713 3306 748 3343 ue
760 3306 878 3362 croyone
896 3306 943 3361 pas
960 3291 976 3344 l
994 3298 1067 3344 cette
1084 3299 1185 3362 tmupe
1201 3286 1238 3344 de
1255 3287 1412 3363 chapeleim

347 3387 403 3446 que
415 3382 498 3427 notre
508 3383 609 3430 auteur
620 3383 678 3430 met
690 3393 726 3430 en
740 3392 892 3449 campague
904 3393 940 3430 en
954 3386 1036 3431 avaut
1047 3374 1086 3430 du
1099 3375 1152 3430 roi.

383 3457 422 3532 (l)
441 3459 606 3533 Khertpert,
623 3461 760 3536 Kar-pout,
779 3463 1001 3536 Quart-pierre,
1016 3467 1034 3520 l
1049 3463 1163 3519 l’orient
1180 3461 1216 3518 de
1233 3461 1411 3535 l'Euplrrete,

347 3565 383 3602 au
396 3545 431 3601 N.
445 3547 483 3604 Ο.
497 3546 637 3606 d'Edesse.
651 3551 692 3608 Ce
703 3552 793 3608 uelut
803 3547 859 3628 que
869 3552 938 3608 dam
951 3571 981 3608 ea
992 3551 1112 3610 reconde
1124 3551 1256 3626 captivite
1267 3568 1324 3626 que
1334 3549 1362 3606 le
1371 3545 1411 3604 rui

347 3631 392 3690 lut
404 3634 522 3691 conduit
533 3639 549 3692 l
561 3637 685 3695 Charen.

384 3723 424 3797 (Ξ)
438 3721 516 3780 Nous
526 3743 646 3800 musone
657 3746 712 3804 que
726 3728 875 3787 Gavarred
884 3739 926 3784 est
935 3727 1086 3796 (interret,
1101 3727 1166 3800 pree
1178 3727 1325 3782 haeum.
1342 3723 1411 3778 Ger·

349 3812 444 3868 varius
464 3816 516 3872 tiro
537 3825 579 3872 est
601 3815 731 3887 Germis,
761 3818 803 3873 file
821 3817 986 3886 d'lluimou,
1008 3817 1128 3872 vicomte
1146 3815 1183 3872 de
1198 3814 1261 3872 Dol.
1281 3813 1360 3870 Noun
1379 3827 1413 3865 ue

348 3899 528 3958 eouuaiesom
537 3904 618 3977 point
629 3905 664 3961 de
677 3907 719 3962 file
730 3905 840 3963 d’Alrin
854 3906 977 3980 Fet-gent
988 3905 1037 3980 qui
1048 3923 1077 3961 re
1089 3903 1144 3960 mit
1154 3901 1251 3978 appele'
1263 3901 1410 3964 Guiumer,

349 3989 419 4046 male
430 3989 584 4050 seulement
593 3991 875 4066 Geoffroi-le-lloux,
888 3995 1035 4052 deuxieme
1046 3993 1089 4049 lile
1099 3991 1134 4048 (le
1147 4011 1178 4048 ce
1188 3993 1330 4066 seigneur,
1341 3995 1412 4044 mort

347 4079 364 4133 l
378 4079 532 4136 Jerusalem
545 4100 580 4138 eu
594 4085 673 4142 tttt.
693 4083 835 4141 Guiumar
851 4084 940 4158 prralt
956 4084 1034 4140 avoir·
1048 4084 1093 4138 ete'
1105 4099 1161 4138 une
1173 4081 1264 4138 sortire
1278 4079 1411 4135 bretonne

350 4165 389 4221 ‹lu
403 4185 468 4226 nom
481 4173 666 4245 propre·Gui.
1049 4185 1052 4194 ’
