2888 4934
86 427 306 506 [llos-ms]
437 422 555 482 LIBER
575 423 815 484 UNDEClMUS.
1094 429 1154 488 27⁹

85 554 1098 654 Namidemnatura,senioquealiquantumbebescebat(
1125 559 1151 652 ),

84 688 133 747 et
153 697 247 745 uxor
267 672 342 768 ejus
364 685 480 743 totum
499 669 723 774 consulatum
747 669 907 768 regebat,
932 696 1012 768 quae
1031 674 1069 744 in
1092 697 1155 746 sua

83 787 306 885 sagacitate,
327 784 530 883 plusquam
549 799 747 883 oporteret,
769 783 984 856 confidebat.
1004 785 1155 858 Pulchra

86 903 247 1002 quidem
259 917 295 975 et
307 901 459 975 facunda
472 915 560 992 erat,
580 918 616 974 et
632 900 875 999 magnitudine
891 903 1049 1000 corporis
1063 927 1156 1002 pene

90 1043 228 1092 omnes
256 1018 404 1091 seminas
430 1018 467 1090 in
495 1020 666 1090 comitatu
696 1017 895 1090 Ebroarum
926 1020 1157 1093 consistentes

92 1133 311 1224 excellebat,
331 1148 367 1206 et
386 1134 514 1206 eximia
529 1133 732 1221 nobilitate,
755 1150 879 1235 utpote
900 1134 1043 1208 illustris
1060 1135 1158 1208 Guil-

92 1248 200 1324 latmi
227 1249 452 1321 Nivemensis
478 1249 617 1321 comitia
645 1248 737 1340 filia,
770 1252 853 1322 satis
879 1249 1047 1348 pollebat.
1077 1255 1158 1322 Haec

95 1365 285 1454 nimirum,
301 1364 451 1437 consilio
463 1363 641 1436 baronum
654 1365 772 1437 mariti
785 1365 839 1438 sui
853 1364 990 1455 relicto,
1008 1365 1159 1436 aestima·

96 1481 239 1553 tionem
259 1503 360 1552 suam
379 1479 603 1577 preferebat,
626 1495 663 1553 et
681 1479 793 1553 ardua
811 1481 917 1552 nimis
936 1478 1160 1552 saecularibus

97 1595 137 1666 in
168 1592 277 1666 rebus
303 1593 515 1694 plerumque
543 1595 753 1695 arripiebat,
789 1611 896 1693 atque
925 1594 1161 1668 immoderata

101 1709 240 1784 te'ntare
267 1709 494 1810 properabat.
528 1711 632 1784 Unde
666 1737 733 1812 pro
764 1713 915 1786 leminea
944 1714 1160 1811 procacitate

102 1823 286 1898 ttodberto
301 1826 425 1898 comiti
443 1825 489 1898 de
504 1825 690 1920 Mellento,
712 1826 860 1924 aliisque
876 1827 1091 1901 Normannis
1108 1826 1162 1898 in·

101 1939 240 2014 vidiosa
259 1954 352 2032 erat,
375 1965 531 2038 quorum
551 1942 789 2016 malivolentia
809 1945 845 2015 in
866 1943 1050 2042 praesentia
1070 1943 1161 2040 regis

102 2053 370 2146 eidetrahcbat,
388 2057 576 2155 ipsumque
594 2058 801 2130 corrosoriis
818 2056 1107 2154 derogationibus
1123 2058 1161 2130 in

102 2171 229 2246 odium
245 2171 321 2271 ejus
336 2172 550 2245 concitabat.
563 2172 734 2265 Tandem,
749 2174 832 2271 quia
842 2172 1162 2272 praedictuscomes
1214 2164 1216 2168 Α

103 2301 140 2361 ct
165 2285 307 2360 Helviaa
333 2289 514 2362 eomitissa
539 2289 757 2386 dangionem
783 2290 876 2385 regis
903 2288 1000 2387 apud
1026 2288 1162 2363 Ebroaa

103 2399 263 2476 fundibus
282 2402 504 2499 dejecerunt,
528 2407 621 2479 etin
640 2405 717 2477 aliis
735 2403 951 2504 quibusdam
971 2407 1102 2499 causis,
1124 2405 1162 2478 in

103 2518 234 2618 ‹pribus
254 2518 376 2592 herilis
397 2519 548 2594 fidelitas
566 2545 641 2594 non
661 2519 755 2594 bene
772 2536 910 2594 servata
928 2519 1159 2609 titubaverat,

104 2655 225 2730 regem
245 2632 490 2724 offenderunt,
515 2633 720 2709 exheredati
741 2633 788 2708 de
810 2635 1027 2707 Normannia
1046 2631 1102 2706 bis
1122 2633 1161 2705 in

104 2747 377 2846 andegavorum
398 2749 579 2846 regionem
601 2749 844 2822 exulaverant.
865 2752 953 2836 Quae
971 2747 1162 2849 perturba·

103 2861 219 2936 tiones
235 2862 476 2937 construendo
491 2862 656 2936 coenobio
670 2865 795 2961 ingens
808 2863 1062 2936 detrimentum
1077 2886 1162 2935 con·

105 2975 275 3071 tulerunt,
291 2994 326 3051 et
338 3003 413 3051 non
427 2979 540 3052 multo
554 2993 636 3077 post
651 2980 763 3053 exitus
779 2976 982 3068 amborum,
1001 2978 1048 3050 ad
1061 2976 1162 3051 deso·

104 3084 274 3165 lationem
298 3092 510 3185 multorum,
539 3095 651 3166 secuti
675 3108 770 3167 sunt.
799 3093 985 3167 Comitissa
1009 3117 1158 3191 nempe,

102 3205 271 3280 deliancta
292 3210 390 3308 prius
408 3209 485 3307 (2),
504 3209 601 3309 apud
623 3209 824 3307 Nogionem
846 3207 1005 3305 quiescit.
1033 3212 1162 3281 Comes

104 3342 208 3412 vero,
232 3323 465 3420 postmodum
489 3324 675 3424 apoplexia
700 3347 903 3424 percussus,
931 3324 1007 3397 sine
1033 3322 1161 3395 viatico

106 3433 254 3510 decessit
266 3437 335 3534 (3),
352 3452 388 3510 et
403 3438 555 3512 cadaver
570 3440 645 3536 ejus
658 3464 742 3512 cum
757 3455 857 3538 patre
874 3462 940 3510 suo
957 3436 1162 3511 Fontinellae

106 3556 370 3652 computrescit.

138 3813 178 3884 (4)
194 3812 219 3866 ΙΙ
231 3830 267 3867 ne
279 3813 338 3868 saur
350 3831 400 3887 pas
412 3813 521 3870 onblier
531 3831 588 3889 que
601 3823 646 3868 oet
658 3812 792 3869 excellent
805 3812 937 3885 seigneur
949 3812 1018 3867 e'tait
1031 3810 1057 3866 le
1074 3825 1163 3864 neven

109 3895 141 3953 da
152 3899 446 3957 Raoul·Tete-d'Ane.

139 3987 180 4059 (Ξ)
196 3988 241 4042 En
254 3991 333 4046 llll.

142 4075 181 4146 (4)
199 4075 236 4130 Le
250 4080 284 4133 46
297 4077 365 4132 avril
382 4082 462 4134 lll8.
479 4079 516 4133 Le
533 4077 672 4144 Braaaeur,
691 4079 707 4132 a
726 4075 776 4151 qni
797 4093 868 4130 nous
886 4081 1068 4146 emprnntons
1089 4076 1160 4122 cette

115 4157 182 4231 late,
193 4163 288 4235 ajonte
298 4182 352 4238 qne
361 4165 387 4220 le
398 4175 490 4221 comte
498 4166 542 4221 lut
551 4165 662 4222 enter-re
672 4165 824 4236 areant),
836 4181 868 4218 ce
878 4162 927 4236 qui
939 4170 1045 4216 estune
1054 4172 1161 4213 errem.
