2888 4934
108 446 219 529 [1114]
448 448 565 511 noan
587 448 830 511 uunnornus.
1107 454 1168 513 309

108 582 218 652 troitu
234 595 346 681 portae
361 580 407 653 ab
423 580 690 679 insequentibus
706 583 862 680 percussi
878 596 913 653 et
929 580 1057 678 dejecti
1069 598 1165 673 sunt,

109 711 145 769 et
160 696 273 769 valvae
288 697 447 771 hostium
463 695 691 770 multitudine
711 697 933 789 lancearum,
955 721 1002 770 ne
1021 696 1167 771 claude·

108 827 245 905 rentur,
265 825 466 886 sustentatae
483 827 519 885 et
534 813 676 910 penitus
698 806 857 884 reseratae
880 826 975 884 sunt.
1004 814 1169 886 Protinus

108 927 235 1024 regalis
261 928 432 1000 exercitus
461 928 572 1000 nirnia
601 951 685 999 oum
714 926 965 999 vociferatione
992 928 1169 1024 ingressus

110 1057 174 1134 est,
190 1058 227 1116 et
239 1067 406 1140 magnam
418 1058 556 1141 partem
573 1043 782 1115 munitionis
797 1043 940 1115 viriliter
958 1059 1084 1116 nactus
1101 1058 1166 1115 est.

108 1159 262 1252 Deinde,
281 1159 550 1260 persistentibus
565 1160 622 1234 bis
639 1162 702 1259 qui
719 1185 839 1241 arcem
856 1162 1058 1253 servabant,
1079 1162 1170 1260 ignis

108 1276 261 1372 injectare
277 1290 344 1368 est,
363 1289 399 1351 at
413 1275 535 1354 nobile
552 1275 742 1375 oppidum,
760 1277 860 1376 quod
874 1276 1076 1351 Rodbertus
1093 1279 1169 1375 jam

108 1389 250 1465 dudum
267 1414 497 1490 summopere
517 1391 719 1467 muniverat
736 1406 773 1464 et
794 1392 984 1485 ditaverat,
1009 1391 1171 1471 funditus

108 1520 376 1579 ooncoematum
405 1520 469 1577 est.
502 1506 624 1578 Victor
653 1507 772 1605 itaque
801 1509 996 1597 Henrious‚
1030 1506 1170 1579 firmata

107 1642 197 1717 paon
215 1643 301 1695 curn
318 1619 489 1695 omnibus
505 1620 631 1693 vicinis
645 1622 732 1713 suis,
750 1623 788 1693 in
805 1621 967 1719 angliam
985 1621 1167 1714 remeavit,

108 1748 144 1807 et
165 1735 329 1834 qunque
347 1737 452 1811 annia
469 1736 525 1835 (l)
539 1737 577 1808 in
596 1762 727 1835 magna
749 1738 1002 1836 tranquillitate
1019 1761 1170 1834 regnum

109 1849 205 1925 ultra
216 1875 316 1928 maro
329 1868 367 1925 et
382 1852 553 1925 ducatum
568 1853 656 1927 citra
672 1853 899 1951 gubernavit,
917 1854 1040 1928 amicis
1056 1852 1170 1926 fideli·

109 1965 177 2043 bun
188 1966 321 2042 devote
336 1968 565 2043 laudantibus
575 1971 774 2043 Dominum
785 1974 903 2043 Deum
919 1969 1090 2058 Sabaoth,
1108 1970 1171 2068 qui

109 2085 233 2159 omnia
249 2083 400 2178 sortiter,
417 2087 641 2184 suaviterque
657 2084 828 2185 disponit.
849 2089 974 2160 Amen.

142 2357 184 2430 (4)
201 2355 291 2413 Notae
304 2366 405 2413 auteur
420 2356 490 2414 n’est
505 2375 554 2432 pas
567 2357 604 2413 ici
622 2357 685 2432 plur
700 2366 780 2414 exact
793 2358 857 2432 qn’a
872 2355 1033 2415 l'ordinaire
1046 2357 1116 2414 dana
1128 2374 1172 2412 aea

107 2443 212 2505 abab
223 2444 469 2521 chronologiques.
483 2448 522 2503 le
534 2447 577 2503 roi
593 2464 672 2521 passa
687 2447 754 2503 bien
767 2465 824 2503 une
839 2448 929 2520 partie
943 2446 979 2502 de
995 2456 1069 2502 cette
1083 2447 1172 2502 annae

109 2553 143 2592 a
154 2535 336 2610 Augleterre,
347 2537 417 2592 mais
428 2536 448 2591 il
460 2536 528 2594 etait
545 2536 581 2592 de
595 2547 692 2593 retour
706 2554 742 2592 eu
759 2535 932 2592 Normandie
944 2546 1028 2590 avaut
1038 2535 1064 2590 la
1078 2535 1171 2590 Saint-

109 2624 230 2696 uictu,
242 2634 272 2681 et
284 2643 316 2681 ce
331 2623 421 2680 uelut
432 2625 516 2699 qu’au
530 2625 602 2681 moia
613 2623 648 2680 de
657 2624 751 2698 juillet
764 2628 834 2682 4445
846 2624 916 2700 qu'il
929 2634 1024 2679 rantra
1035 2622 1104 2677 dans
1121 2638 1171 2676 sou

108 2728 251 2788 maurae.
267 2712 307 2769 Ce
319 2713 416 2786 prinae
427 2713 495 2768 etait
506 2731 608 2768 encore
618 2731 654 2768 en
667 2711 839 2768 Normandie
850 2729 886 2766 au
900 2711 971 2765 moia
982 2709 1077 2765 d’aodt
1088 2710 1168 2772 tttu,

108 2799 340 2876 ut'ucuevtque
354 2800 392 2856 de
406 2801 581 2873 cantorbery
594 2800 621 2856 le
634 2811 732 2856 trouva
748 2803 765 2856 l
783 2799 883 2856 Ronan
899 2814 960 2855 vera
975 2798 1001 2854 le
1020 2797 1118 2853 millen
1135 2795 1171 2851 de

108 2887 403 2965 maha-Ilparait
409 2899 548 2959 constan,
559 2888 667 2962 d’aprts
675 2888 791 2945 Floreat
801 2887 837 2944 de
845 2888 1009 2943 Worceater
1016 2895 1046 2940 et
1055 2887 1171 2958 Bromp·

109 2983 165 3049 lon,
175 2976 247 3055 qn’il
254 2977 430 3052 yreviutdts
441 2979 551 3056 Piques
563 2979 642 3046 4447,
655 2988 683 3033 et
695 2995 750 3055 que
758 2976 784 3033 le
793 2976 836 3032 roi
846 2977 881 3033 de
891 2978 997 3032 Franoe
1005 2986 1034 3031 et
1045 2973 1070 3029 le
1080 2983 1171 3029 comte

108 3061 139 3122 de
150 3060 277 3122 mandre
288 3075 370 3140 ayant
381 3065 432 3122 nir
443 3084 501 3123 une
514 3065 675 3140 expedition
690 3083 726 3122 en
742 3064 916 3121 Normandie
931 3063 1000 3119 dana
1012 3062 1039 3117 le
1054 3072 1172 3117 conrant

104 3149 139 3210 tle
147 3160 228 3210 otto
238 3155 336 3220 nunde
352 3154 398 3229 η’]
410 3155 551 3228 paaaeoern
564 3154 670 3230 qu’une
682 3154 757 3227 nuit,
768 3153 838 3209 dans
849 3153 875 3209 la
885 3154 993 3209 orainte
1007 3151 1095 3208 d‘vitre
1107 3167 1172 3206 sur-

104 3244 163 3313 rai·
173 3261 228 3318 par
238 3241 287 3301 lui.
299 3243 375 3302 G'eut
384 3243 458 3300 dono
469 3247 485 3300 l
494 3244 628 3320 quelques
639 3246 711 3301 moia
719 3255 783 3300 tout
792 3263 827 3299 au
837 3242 900 3318 plus
908 3241 977 3318 qu’il
988 3242 1048 3298 saut
1059 3239 1171 3296 re'duire
1227 3268 1231 3273 ·

100 3323 140 3388 lea
154 3329 229 3407 cinq
240 3333 341 3387 annees
355 3329 391 3387 de
406 3333 470 3405 pair
482 3331 619 3407 profunde
634 3331 705 3388 dont
716 3341 797 3388 notre
810 3340 911 3386 auteur
921 3329 971 3385 fait
981 3328 1058 3402 jonir
1070 3328 1096 3384 le
1109 3346 1170 3383 mo·

99 3433 215 3497 uaeque
225 3417 343 3494 'Anglais
354 3437 391 3475 au
402 3421 464 3477 sein
475 3420 510 3478 de
521 3439 571 3478 son
584 3439 727 3494 royaunre.
