2888 4934
193 403 304 481 [1122]
521 398 637 460 LIBER
656 397 936 463 odoramnus„
1190 400 1249 462 ⁴39

193 535 297 630 eique
314 529 499 628 subjacens
520 532 774 630 patrimonium
796 531 862 628 (l).
890 535 1000 602 Porro
1022 531 1126 602 irater
1146 531 1223 627 ejus
1236 559 1254 600 ε·

196 647 414 736 liodbertus,
434 647 470 717 in
494 647 614 743 Anglia
633 649 841 721 comitatum
861 650 1088 741 tegrecunae
1105 645 1248 739 babuit3

194 765 254 836 cui
271 788 334 834 rex
353 762 542 854 Aminiam,
564 761 700 834 Radulfi
721 761 767 835 de
785 760 928 834 Gnader
945 759 1073 856 filiam,
1095 786 1174 857 quae
1194 762 1252 833 tti-

195 878 323 968 cardo,
347 876 422 949 filio
442 877 535 974 ejus,
554 891 657 976 pacta
676 877 805 966 fuerat,
827 875 992 968 donavit,
1013 890 1049 947 et
1069 874 1253 948 Britolium

195 1017 280 1064 eum
296 991 562 1088 subjacentibus
579 991 698 1063 fundis
713 991 854 1087 adjecit.
1251 1020 1254 1025 >

244 1110 345 1182 ldem
357 1135 420 1181 rex
432 1107 650 1200 Matbildem,
667 1132 799 1180 nurum
809 1131 922 1199 suam,
936 1131 1020 1179 cum
1027 1131 1167 1178 summa
1176 1106 1253 1178 dul·

194 1224 320 1297 oedine
337 1225 462 1315 coluit,
480 1239 515 1296 et
532 1226 568 1296 in
586 1224 725 1320 Anglia,
744 1223 914 1321 quamdiu
932 1223 1008 1322 ipsa
1021 1222 1150 1315 voluit,
1170 1248 1252 1294 oum

195 1336 337 1412 honore
354 1339 509 1410 maximo
526 1337 688 1408 detinuit.
708 1340 855 1426 Verum,
873 1351 956 1435 post
972 1337 1109 1434 aliquot
1124 1360 1252 1424 annos,

195 1452 272 1550 ipsa
283 1469 447 1550 parentes
457 1478 542 1525 suos
552 1452 673 1526 videre
683 1452 899 1542 desiderans,
915 1452 1139 1548 Andegavem
1150 1451 1252 1541 adiit,

194 1565 330 1664 ibique,
342 1568 469 1642 natalis
479 1567 545 1640 soli
556 1592 677 1640 amore
690 1569 832 1658 innexa,
846 1567 1105 1663 aliquantulum
1116 1567 1249 1664 deguit.

196 1683 368 1774 Tandem,
378 1686 544 1756 instinctu
554 1685 743 1778 Goisfredi,
755 1684 981 1758 Carnotensis
990 1685 1161 1782 episcopi,
1174 1697 1255 1781 post

197 1797 324 1869 decem
347 1823 461 1870 annos
485 1799 770 1897 desponsationis
797 1824 868 1872 sure
897 1799 1063 1873 saeeulum
1095 1796 1252 1895 reliquit,

194 1925 230 1982 et
254 1913 532 1984 sanctimonialis
557 1915 594 1984 in
618 1913 785 1987 coenobio
810 1913 1097 1986 Fontis-Ebroldi
1122 1913 1254 1986 coelesti

195 2049 330 2122 sponso
345 2025 455 2098 libera
469 2027 615 2099 inhaeret
632 2052 674 2101 ac
690 2027 855 2100 deservit.
875 2031 969 2118 llaec,
986 2042 1026 2099 ut
1038 2027 1172 2100 dictum
1187 2040 1252 2114 est,

194 2138 389 2231 duodenis,
411 2156 450 2213 ut
466 2168 560 2233 reor,
581 2142 903 2216 adolescentuloin
924 2156 1042 2215 aestate
1063 2143 1199 2240 nupsit,
1221 2156 1257 2212 et

194 2255 358 2327 nondum
371 2281 430 2329 sex
448 2257 629 2329 mensibus
645 2257 805 2356 expletis,
824 2257 994 2331 imberbis
1005 2258 1152 2330 maritus
1166 2283 1254 2329 nau·

194 2368 306 2466 fragio
333 2373 448 2469 periit.
474 2373 668 2446 benivolus
695 2399 780 2446 vero
805 2399 867 2457 rex
893 2375 991 2446 illam
1017 2374 1118 2472 quasi
1145 2372 1256 2444 filiam

193 2510 295 2559 auam
316 2491 501 2580 enutrivit,
527 2515 678 2588 eamque
700 2490 833 2563 diuuus
856 2515 967 2589 penes
986 2515 1024 2562 se
1045 2487 1252 2575 custodivit,

194 2613 235 2670 ut
263 2601 429 2694 sublimi,
461 2605 668 2702 potentique
694 2606 823 2677 marito
847 2604 1051 2701 copularet,
1082 2627 1124 2674 ac
1149 2625 1256 2698 super

193 2735 340 2786 omnem
359 2717 578 2814 parentelam
596 2743 697 2789 suam
721 2718 853 2790 divitiis
874 2733 912 2789 et
927 2717 1126 2789 bonoribus
1145 2714 1254 2788 subli-

192 2844 319 2900 maret.
345 2834 478 2901 Verum
505 2831 644 2902 meliori
666 2830 818 2903 consilio
841 2855 905 2904 usa
925 2845 994 2923 est,
1021 2856 1100 2928 quae
1123 2832 1256 2904 coelesti

192 2966 346 3040 sponso,
368 2945 452 3036 Dei,
472 2946 688 3042 virginisque
709 2945 803 3035 lilio,
824 2969 987 3019 connexa
1009 2960 1062 3018 est
1082 2946 1147 3042 (2).
1173 2949 1256 3018 Erat

193 3058 290 3128 enim
303 3057 462 3154 prudens
473 3072 508 3130 et
519 3059 681 3156 pulchra,
696 3062 868 3158 eloquens
878 3075 913 3132 et
922 3059 1015 3132 bene
1027 3060 1252 3156 morigerata,

193 3172 384 3269 multisque
411 3173 577 3246 decenter
605 3175 851 3248 honestatibus
876 3176 1050 3248 redimita.
1085 3181 1193 3275 Cujus
1215 3178 1254 3267 in

193 3281 299 3355 bonis
323 3286 460 3358 utinam
483 3290 746 3364 consummatio
770 3289 815 3361 sit
836 3288 1043 3362 hominibus
1066 3288 1252 3387 optabilis,

193 3410 229 3468 et
246 3402 323 3470 Deo
342 3400 487 3497 placita!
1249 3401 1252 3407 ’

242 3516 396 3585 XXXlV.
424 3515 561 3588 Eodem
585 3532 765 3616 tempore,
790 3518 1003 3608 Amalrieus,
1030 3519 1255 3590 Ebroicensis

194 3652 327 3722 comes,
340 3632 449 3703 animi
462 3634 609 3707 nimiam
619 3634 892 3709 amaritudinem
904 3633 1048 3732 gerebat
1058 3635 1158 3732 quod
1169 3659 1252 3734 prae·

227 3849 267 3920 (l)
286 3850 468 3909 C‘estd-dire
484 3877 489 3906 z
506 3855 627 3912 Brionne
649 3867 678 3912 at
701 3858 914 3914 Pontaudemar.
935 3859 975 3916 Ce
997 3860 1109 3917 dernier
1130 3859 1254 3914 honneur

193 3935 259 3990 enit
271 3935 297 3991 le
311 3941 477 4010 patrimoine
488 3943 611 4015 primitis
620 3944 655 3998 da
669 3945 693 3998 la
707 3945 817 4003 tamilla.

228 4025 267 4092 (2)
290 4025 372 4082 Cettn
393 4029 531 4100 princesso
552 4032 608 4103 prit
628 4032 653 4086 le
673 4033 772 4088 voilea
794 4035 970 4090 Fontevraud
990 4054 1024 4090 en
1047 4036 1135 4102 ⁴⁴28,
1158 4031 1253 4091 devint

192 4110 304 4170 abbesso
319 4114 353 4171 tle
365 4135 395 4172 ce
408 4122 562 4176 monastdru
574 4139 608 4176 eu
624 4125 707 4188 ⁴⁴50,
723 4134 753 4181 at
765 4136 880 4181 mourut
893 4143 928 4180 en
942 4126 1020 4183 titt.
