2888 4934
110 391 320 469 [tow-1096]
476 387 593 453 LIBER
614 388 800 452 DECIMUS.
1126 397 1162 452 17

110 520 308 620 primordio
325 521 425 617 regni
437 521 493 593 sui
508 522 644 619 primus
662 520 712 592 illi
729 523 919 609 restiterat,
933 537 969 593 et
984 523 1166 619 ingentem

112 652 360 734 magnatorum
370 635 603 732 frequentiam
615 639 652 707 in
668 635 899 708 rebellionem
913 652 1038 708 contra
1048 638 1167 737 ipsum

110 749 1166 847 contraxerat.Ejusinstinctu,Rodbertus,lloritoliicomes,

114 866 377 940 Penevesellum
397 867 527 956 tenuit3
548 867 611 940 sed
627 865 859 964 postmodum
878 892 960 939 cum
976 894 1059 965 rege
1073 869 1168 942 obsi·

111 983 233 1071 deute,
244 983 306 1079 qui
319 1006 431 1080 nepos
441 1006 525 1053 suus
535 996 622 1071 erat,
635 1006 762 1080 pacem
773 981 865 1071 fecit,
881 997 929 1071 ct,
941 982 1080 1056 reddita
1092 1009 1169 1054 mu·

112 1098 260 1187 uitione,
273 1098 311 1167 iu
329 1096 520 1169 amicitiam
538 1097 651 1169 rediit.
670 1096 887 1171 Gislebertus
904 1122 1061 1195 quoque,
1077 1098 1169 1171 filius

111 1213 264 1300 Ricardi,
278 1237 361 1283 cum
374 1213 526 1308 Rogerio
539 1211 644 1283 fratre
657 1237 739 1300 suo,
749 1212 1036 1309 Tonnebrugiam
1053 1215 1171 1285 muni·

112 1327 180 1413 vit;
205 1326 269 1398 sed
287 1326 443 1424 paschali
468 1326 698 1401 hebdomada
720 1354 781 1400 rex
807 1328 981 1427 oppidum
1005 1328 1167 1418 obsedit,

110 1441 210 1537 quud
232 1443 267 1514 ei
283 1466 367 1515 mox
391 1443 429 1513 in
453 1443 571 1541 primo
592 1443 726 1515 assultu
752 1445 868 1516 cessit.
889 1445 1053 1541 Denique
1077 1471 1169 1541 pon·

111 1556 193 1627 tifex
222 1556 321 1655 ipsc,
354 1581 438 1629 cum
468 1554 658 1629 Eustochio
692 1557 897 1631 Bolonieusi
922 1574 958 1632 et
987 1559 1169 1633 liudberto

111 1672 326 1745 belesmensi
346 1687 382 1744 et
403 1673 531 1768 insigni
555 1671 731 1770 phalange
757 1688 993 1764 armatorum,
1018 1675 1170 1746 Rofense

110 1800 264 1857 castrum
288 1789 420 1875 tenuit,
440 1786 582 1883 ibique,
602 1786 745 1859 duobus
768 1789 988 1887 municipiis,
1007 1813 1086 1886 quae
1108 1815 1169 1862 rex

108 1915 369 1990 construxerat,
383 1903 419 1973 in
434 1926 522 1998 gyro
535 1914 683 1990 artatus,
699 1926 781 1974 cum
796 1901 973 1976 dedecore
986 1904 1102 1994 cessit,
1119 1919 1177 1993 et,

110 2013 156 2086 de
173 2029 252 2093 toto
270 2015 428 2091 albionis
444 2040 555 2113 regno
577 2016 897 2114 irrecuperabiliter
912 2016 1168 2109 exheredatus,

111 2132 255 2203 recessit
273 2129 342 2228 (l)
369 2130 509 2203 Deinde
523 2132 559 2202 in
574 2133 805 2223 Normannia,
824 2158 907 2206 cum
925 2159 1000 2205 sese
1013 2159 1076 2207 rex
1089 2135 1169 2207 vin·

109 2244 258 2337 dicaret,
277 2262 313 2318 et
328 2246 471 2320 fratrem
491 2272 614 2334 suum,
632 2235 741 2344 aquo
758 2248 886 2344 injuste
903 2263 939 2321 et
956 2248 1083 2322 frustra
1100 2250 1170 2322 im-

109 2376 288 2458 pugnatus
298 2362 422 2450 fuerat,
441 2363 677 2460 impugnaret,
699 2376 747 2453 et,
767 2363 962 2436 baronibus
976 2364 1170 2464 cupiditate

109 2500 172 2547 seu
183 2478 313 2550 timore
323 2478 369 2548 ad
381 2503 465 2549 eum
477 2476 588 2566 flexis,
601 2502 766 2574 magnam
775 2480 980 2576 portionem
994 2483 1168 2551 Normau·

110 2592 178 2664 niae
191 2608 333 2682 nactus,
349 2593 597 2691 triumpharet,
619 2594 818 2665 Baiocensis
836 2594 918 2666 Odo
935 2595 1018 2667 totis
1035 2594 1170 2667 viribus

109 2704 161 2776 illi
175 2705 235 2778 diu
252 2708 395 2796 restitit,
420 2731 486 2778 nec
503 2707 660 2796 consuli,
679 2708 797 2780 donec
814 2710 889 2805 ipse
906 2707 973 2779 sihi
987 2707 1167 2797 deficeret,

108 2820 280 2893 auxilium
299 2819 427 2893 defuit.
452 2821 556 2892 Unde
573 2818 718 2922 praesul,
739 2836 929 2921 postquam
945 2847 1006 2893 rex
1024 2820 1170 2894 Guillel·

110 2960 205 3024 mus,
227 2953 266 3007 ut
279 2935 416 3008 dictum
433 2950 500 3025 est,
517 2937 718 3034 praevaluit,
738 2937 956 3036 peregrinari
972 2961 1082 3034 quam
1096 2937 1169 3010 ini·-

110 3051 207 3121 mico
227 3050 352 3146 subjici
368 3050 506 3122 maluit.
525 3054 646 3122 Romae
661 3076 744 3122 cum
761 3050 909 3122 Urbano
929 3056 1023 3150 Papa
1040 3050 1168 3151 praesul

109 3179 147 3237 et
166 3166 238 3237 dux
257 3165 365 3238 locuti
387 3181 491 3256 sunt,
512 3182 565 3257 et,
584 3181 751 3267 percepta
767 3165 1017 3240 benedictione
1035 3167 1081 3240 ab
1104 3192 1167 3257 eo,

107 3279 264 3352 Tiberim
283 3279 509 3370 transierunt,
528 3296 565 3353 et
576 3280 612 3352 in
631 3280 757 3380 Apulia
769 3279 1019 3355 hiemaverunt
1034 3282 1100 3378 (2).

159 3393 248 3466 lnde
259 3395 416 3494 pontifex
433 3397 471 3467 in
483 3395 610 3468 urbem
625 3397 925 3485 Panormitauam,
939 3421 1048 3493 quam
1061 3396 1169 3494 vulgo

111 3508 297 3582 Palemam
326 3525 473 3599 vocant,
504 3511 664 3599 secessit,
689 3509 809 3609 ibique
840 3509 1019 3582 februario
1045 3535 1169 3583 mense

110 3627 231 3700 exbac
243 3629 313 3699 rita
326 3629 501 3726 migravit,
512 3643 548 3701 et
559 3629 596 3701 in
608 3627 882 3728 metropolitana
896 3641 1025 3701 sanctae
1037 3628 1103 3703 Dei
1112 3653 1170 3727 ge·

110 3744 245 3816 nitricis
261 3744 378 3819 llariae
389 3743 535 3818 basilica
546 3743 776 3833 Gislcbertus,
796 3744 1020 3818 Ebroicensis
1034 3747 1170 3844 episco-

146 3942 187 4013 (t)
206 3942 301 4012 Voyea
312 3959 361 3997 sur
372 3960 417 3997 ces
427 3945 604 3999 ercnemeuts
618 3943 644 3998 le
657 3943 829 4016 paragraphe
843 3959 862 3995 u
875 3941 914 3996 du
925 3941 996 3997 livre
1009 3959 1068 4010 vur,
1082 3952 1104 3996 t.
1115 3940 1168 4008 lll,

111 4049 141 4102 p.
154 4034 283 4091 Μ

147 4121 188 4182 (2)
208 4118 302 4188 Voyez
315 4117 467 4188 ci·dessus,
482 4129 502 4172 t.
515 4117 575 4186 111,
588 4137 617 4190 p.
634 4120 684 4173 tta
698 4128 725 4169 ct
741 4119 803 4173 l86.

185 4226 233 4271 rr.
1018 4207 1041 4272 2
