2888 4934
538 426 654 488 llBEll
676 429 916 490 UNDEClllUS.
1197 435 1256 493 489

197 573 302 659 atque
311 574 556 658 postmortem
565 561 707 632 Henrici
718 560 821 656 regis,
832 559 998 632 avunculi
1008 563 1075 650 sui,
1086 560 1257 634 ducatum

196 675 423 749 Normanniae
445 677 616 772 suscepit,
640 691 676 747 et
698 676 853 746 furentes
875 676 1028 748 discolas
1052 679 1257 749 necessariae

196 792 291 890 virga
318 790 512 891 disciplinae
541 791 669 864 seriens
697 793 866 864 coercuit.
900 797 1009 863 Porro
1037 792 1255 891 Stephanus,

197 906 367 1005 Stephani
379 905 550 979 Blesensis
563 908 665 979 tertia
676 907 808 1005 proles,
823 906 869 978 ab
877 907 1056 980 avunculo
1068 933 1150 1004 rege
1159 934 1258 981 arma

198 1022 329 1094 militiae
347 1023 500 1120 accepit,
521 1036 556 1094 et
571 1037 677 1120 capto
694 1022 791 1121 apud
807 1022 1149 1095 Tenerchebraicum
1162 1024 1259 1095 Guil-

199 1136 324 1227 lelmo,
350 1139 481 1210 comite
503 1136 691 1226 Moritolii,
718 1138 928 1209 comitatum
952 1139 1028 1234 ejus
1046 1139 1146 1211 dono
1169 1140 1260 1236 regis

200 1251 365 1325 obtinuit.
380 1251 558 1325 Eustachii
570 1277 716 1349 quoque
728 1252 950 1325 Boloniensis
964 1254 1120 1326 consulis
1134 1253 1257 1345 liliam,

199 1365 241 1439 de
257 1382 375 1440 matre
391 1369 518 1457 Maria,
537 1367 762 1460 Mathildem,
782 1393 932 1441 uxorem
949 1369 1068 1458 duxit,
1089 1384 1126 1441 et
1142 1384 1259 1441 totum

199 1480 376 1554 honorem
392 1482 467 1579 ejus
482 1480 698 1555 hereditario
709 1483 790 1579 jure
801 1486 972 1583 possedit.
988 1488 1151 1582 Denique
1163 1491 1259 1558 Hen-

200 1598 536 1695 ricoregeincastro
543 1599 671 1669 Leonis
680 1607 730 1669 1v⁰
738 1623 852 1671 nonas
861 1599 1062 1672 decembris
1071 1598 1256 1690 defuncto,

200 1711 399 1811 Stephanus
420 1737 517 1784 mare
535 1713 790 1802 transfretavit,
811 1730 846 1787 et
863 1715 1055 1813 incipiente
1070 1737 1168 1784 anno
1187 1718 1259 1785 Do-

200 1829 338 1901 minicae
347 1830 693 1901 incarnationisrdc⁰
702 1835 845 1902 xxx⁰vr⁰
856 1829 984 1928 Angliae
995 1844 1131 1926 sceptra
1143 1854 1260 1901 susce-

200 1943 259 2041 pit.
279 1943 422 2016 Deinde
437 1945 628 2033 Henricus,
648 1957 749 2017 aetate
766 1946 951 2033 minimus,
971 1969 992 2016 a
1010 1945 1160 2043 pueritia
1176 1945 1260 2016 Clu·

200 2058 375 2131 niacensis
382 2059 593 2148 monachus,
606 2061 641 2130 in
654 2058 894 2132 adolescentia
905 2085 992 2132 vero
1005 2059 1260 2132 Glestoniensis

200 2172 308 2248 abbas
325 2175 363 2246 in
383 2175 504 2273 Anglia
526 2170 736 2248 sublimatus
756 2191 826 2265 est,
845 2190 881 2247 et
897 2176 998 2267 inde,
1018 2191 1098 2274 post
1114 2174 1260 2247 Guillel·

200 2313 298 2361 mum
317 2288 521 2379 Gisardum,
543 2290 590 2363 ad
605 2291 911 2362 Guentouiensem
929 2289 1157 2389 praesulatum
1178 2315 1261 2388 pro·

201 2419 318 2476 motus
335 2418 388 2475 est
405 2404 473 2502 (l).

243 2519 411 2616 Denique
427 2521 576 2616 genitrix
592 2535 696 2592 tantae
713 2521 841 2620 prolis,
860 2536 899 2593 ut
916 2521 1047 2620 pallida
1065 2521 1261 2595 tenebrosae

201 2634 326 2706 mortis
343 2650 504 2734 tempora
521 2635 726 2706 medullitus
748 2636 911 2708 meditari
927 2639 1050 2735 coepit,
1069 2651 1151 2735 post
1168 2633 1260 2706 mul·

201 2765 252 2823 tas
265 2749 407 2823 divitias
422 2765 529 2848 atque
545 2750 702 2840 delicias,
717 2753 754 2823 in
769 2752 898 2848 quibus
912 2767 1142 2849 peccatorum
1158 2752 1262 2850 copia

202 2863 310 2938 loedat
326 2866 462 2938 animas
480 2880 515 2937 et
531 2867 691 2963 perimit,
711 2865 845 2938 lubrica
863 2867 979 2938 sacculi
996 2865 1259 2956 blandimenta,

203 2982 433 3081 turgidosque
448 2981 560 3055 lastus
574 2997 703 3081 sponte
725 2982 900 3071 deseruit,
923 3006 964 3053 ac
984 2981 1262 3054 sanctimonialis

205 3097 297 3195 apud
306 3096 539 3169 lllarcilleium
553 3097 678 3168 ellectu
691 3097 760 3193 (2),
772 3094 840 3167 sub
848 3094 1134 3167 Cluniaceusium
1146 3094 1261 3191 rigido

236 3449 276 3523 (4)
294 3449 375 3504 Noua
391 3449 521 3505 n'anrons
539 3467 596 3524 que
613 3460 678 3522 trop
695 3450 865 3505 d‘occasions
880 3449 916 3505 de
934 3451 1043 3505 revenir
1061 3467 1110 3503 sur
1128 3467 1173 3503 ces
1190 3448 1264 3503 deux

208 3554 403 3611 personuagea,
417 3538 713 3610 etparticuliercment
729 3558 777 3593 sur
788 3538 814 3592 le
827 3538 868 3592 roi
886 3538 1018 3604 Etienne,
1036 3536 1105 3592 dont
1118 3537 1142 3591 la
1155 3538 1264 3592 funeste

208 3625 352 3692 ambition,
365 3624 472 3697 l’esprit
484 3626 612 3682 versatile
622 3636 650 3681 et
662 3626 686 3680 la
701 3626 824 3698 capacite
838 3625 1065 3692 tres-mediocre,
1080 3634 1130 3679 out
1142 3624 1192 3679 fait
1203 3634 1264 3679 tant

209 3711 239 3768 de
248 3713 304 3769 mal
315 3715 332 3767 4
344 3712 530 3786 l'Angleterre
541 3726 569 3770 et
581 3718 597 3768 a
610 3714 634 3769 la
650 3712 832 3769 Normandie.
848 3712 926 3768 Nous
940 3730 1009 3767 noua
1020 3722 1216 3768 contenterons
1227 3712 1264 3766 ici

210 3797 239 3854 de
249 3799 318 3856 laice
331 3818 495 3875 remarquer
508 3821 564 3876 que
576 3813 657 3858 notre
670 3812 770 3857 auteur
783 3819 819 3856 ne
833 3810 964 3873 rapporte
979 3818 1027 3855 son
1045 3810 1265 3855 ccuronnement

211 3888 337 3946 il’annee
350 3895 420 3949 4436
433 3911 489 3965 que
500 3911 582 3966 parce
595 3892 662 3967 qu’il
675 3909 835 3946 commence
847 3890 954 3945 l'annec
968 3890 1076 3956 illoel,
1087 3900 1116 3945 ct
1126 3906 1182 3964 que
1192 3896 1264 3942 cette

213 3979 360 4035 memento
372 3991 421 4034 ent
433 3981 488 4035 lieu
500 3984 526 4036 le
537 3985 572 4039 26
584 3981 741 4047 decembre,
752 3981 819 4051 jour
830 3979 865 4034 de
877 3978 902 4033 la
914 3980 970 4038 sete
980 3979 1019 4034 dn
1032 3989 1131 4053 patron
1143 3978 1182 4032 du
1194 3994 1264 4031 nou·

215 4079 270 4119 teau
284 4063 449 4142 monarque.

243 4157 278 4228 (2)
297 4159 342 4212 Au
361 4160 472 4231 prieure
489 4159 523 4214 de
541 4158 855 4230 llarcigni·sur-lnire,
874 4157 958 4213 fonde
974 4175 1009 4211 en
1024 4159 1107 4220 4666,
1127 4172 1176 4226 par
1193 4153 1265 4207 saint
