2888 4934
192 418 304 498 [rus]
387 376 388 380 Ν
520 417 637 478 ninnn
658 418 925 480 nnonnuuus.
1184 420 1244 482 aas

243 549 396 621 Poncius
411 571 496 619 vero
513 547 625 620 abbas
640 549 677 619 in
698 547 819 621 lndaea
835 572 971 644 magnae
986 548 1164 644 opinionis
1177 548 1243 622 ha·

193 665 289 736 bitus
309 678 377 754 est,
398 688 440 735 ac
461 662 553 734 fama
574 662 751 759 religionis
770 664 847 760 ejus
863 678 899 735 et
918 661 1137 734 sublimitatis
1152 664 1245 736 inter

193 793 329 852 exteras
344 779 449 849 etiam
463 792 584 874 gentes
599 777 779 875 divulgata
790 792 855 850 est.
870 776 1020 870 Deinde,
1037 791 1078 848 ut
1087 800 1123 849 se
1135 775 1243 852 habet

193 896 354 968 bumana
376 895 598 987 instabilitas,
626 909 753 995 sponte
775 895 904 967 relictis
928 893 1186 992 Prophetarum
1210 908 1244 965 et

194 1009 446 1108 Apostolorum
454 1009 611 1103 sedibus,
620 1009 993 1108 repedavitinGallins,
1003 1007 1066 1079 ubi
1073 1007 1245 1080 adventus

193 1125 270 1222 ejus
292 1150 399 1198 causa
428 1125 625 1198 multorum
652 1144 787 1202 mentes
814 1127 930 1200 effecit
956 1125 1128 1198 turbidas.
1157 1127 1247 1196 Nam

192 1240 282 1338 ipse,
297 1257 486 1340 postquam
499 1240 545 1314 de
557 1241 718 1340 partibus
731 1243 813 1315 Eois
824 1243 1006 1334 remeavit,
1022 1241 1243 1331 Cluniacum,

193 1367 236 1426 ut
251 1355 373 1428 fratres
389 1371 425 1428 et
439 1358 574 1429 amicos
591 1358 731 1445 viseret,
749 1358 858 1430 adivit
873 1358 943 1456 (l).
962 1360 1061 1428 Tunc
1076 1356 1246 1427 instinctu

193 1470 331 1541 Satanae
354 1471 447 1542 sceda
469 1471 639 1545 dissentio
665 1473 757 1545 inter
775 1473 900 1545 fratres
925 1487 1048 1545 exorta
1068 1486 1133 1544 est.
1163 1477 1246 1544 Ber·

193 1585 327 1658 nardus
343 1590 493 1658 Grossus
512 1612 556 1659 eo
573 1602 733 1687 tempore
751 1590 852 1660 Prior
867 1604 955 1681 crat,
971 1589 1048 1687 qui,
1067 1602 1107 1659 ut
1122 1587 1243 1679 fertur,

191 1697 305 1772 fomes
321 1717 357 1772 et
372 1701 535 1773 incentor
554 1702 737 1774 seditionis
755 1717 841 1775 erat.
865 1702 1021 1791 Quidam
1038 1702 1136 1774 enim
1153 1705 1246 1773 Pon·

192 1815 290 1886 cium
312 1816 510 1888 honorifice
533 1832 573 1889 ut
596 1817 764 1890 abbatem
788 1843 894 1890 suum
920 1815 1248 1916 susciperedecre-

191 1945 336 2020 verunt3
364 1931 422 2002 alii
448 1957 534 2004 vero
559 1933 841 2006 contradicentes
871 1932 1003 2005 ob‘nixe
1030 1932 1244 2004 restiterunt.

190 2041 318 2115 Milites
340 2059 458 2116 autem
481 2059 517 2116 et
539 2047 873 2145 comprovinciales,
898 2061 972 2120 tam
997 2046 1117 2119 rustici
1138 2070 1247 2142 quam

190 2157 396 2256 burgenses,
415 2160 477 2233 illo
493 2163 657 2236 veniente
668 2164 778 2259 gavisi
792 2179 887 2253 sunt,
903 2188 1010 2263 quem
1022 2188 1089 2263 pro
1103 2163 1248 2236 alfabili·

191 2284 262 2344 tate
274 2296 337 2343 sua
349 2288 384 2345 et
395 2273 592 2372 dapsilitate
608 2277 745 2376 oppido
757 2276 969 2350 dilexerunt.
989 2277 1042 2350 llli
1055 2277 1243 2369 nimirum,

190 2387 351 2460 scismate
387 2390 659 2477 monachorum¹
683 2407 889 2492 comperto,
923 2393 961 2464 in
991 2394 1247 2465 monasterium

190 2501 387 2594 irruerunt,
405 2522 439 2578 et
460 2504 645 2601 Poncium,
664 2508 746 2581 licet
763 2510 838 2607 ipse
853 2508 925 2581 boc
941 2508 1129 2597 noluisset,
1146 2530 1247 2578 suos·
1278 2589 1280 2592 Α

190 2639 262 2714 que
287 2621 459 2694 violenter
483 2622 770 2696 introduxerunt.
796 2623 891 2695 Proh
914 2621 1034 2695 dolor!
1064 2620 1246 2693 furibundi

189 2736 386 2807 monastica
401 2752 499 2834 septa
512 2738 728 2836 irruperunt,
747 2751 796 2825 et,
809 2737 905 2808 velut
920 2735 1010 2808 urbe
1022 2736 1128 2830 armis
1142 2749 1246 2834 capta

190 2846 351 2921 hostium
360 2851 508 2941 viribus,
523 2851 571 2922 ad
581 2850 739 2949 praedam
754 2865 1006 2944 cucurrerunt,
1023 2874 1065 2923 ac
1076 2850 1246 2949 supellec·

189 2962 288 3036 tilem
304 2979 339 3036 et
355 2967 517 3040 utensilia
536 2991 721 3039 servorum
740 2967 805 3039 Dei
825 2967 987 3064 nequiter
1006 2965 1243 3065 diripuerunt.

189 3081 448 3154 Dormitorium
466 3097 503 3155 et
521 3083 771 3155 crontochium
790 3083 844 3182 (2)
869 3097 904 3155 et
926 3083 1062 3181 reliqua
1084 3081 1246 3154 coenobi·

188 3207 306 3267 tarum
328 3196 466 3284 abdita,
492 3222 571 3295 quae
596 3198 769 3271 hactenus
791 3199 900 3271 latcos
921 3199 1120 3289 latuerunt,
1147 3221 1245 3269 nunc

223 3529 264 3600 (t)
276 3529 313 3583 La
324 3533 434 3586 reru-de
443 3534 458 3585 t
468 3531 542 3586 main
552 3533 645 3588 armac
652 3530 688 3587 de
699 3533 792 3590 Pcnce
802 3531 871 3589 dans
879 3549 930 3587 son
940 3531 1075 3587 ancienne
1083 3530 1187 3604 abbaye
1198 3539 1247 3586 eut

187 3613 244 3670 lieo
258 3633 294 3671 en
306 3619 386 3674 ttatt,
403 3617 492 3673 Notre
509 3628 609 3674 auteur
624 3638 640 3674 a
656 3622 850 3695 otrangement
866 3619 993 3693 deligare
1007 3626 1081 3676 cette
1098 3619 1244 3675 invasion:

187 3703 240 3759 elle
254 3705 330 3760 n'eut
347 3723 395 3778 pas
413 3703 520 3762 d’antre
534 3706 587 3763 bnt
602 3720 658 3782 que
674 3707 700 3764 le
711 3707 826 3783 pillage,
843 3707 1047 3774 l’enllrement‚
1062 3706 1088 3762 la
1099 3706 1247 3763 reduction

187 3809 224 3848 cn
239 3791 343 3865 lingota
355 3791 391 3848 de
402 3803 465 3848 tous
478 3792 517 3849 lea
529 3794 619 3866 objets
633 3796 779 3869 prociona,
793 3812 868 3852 vates
881 3797 986 3859 sacres,
998 3794 1177 3869 reliquaires,
1190 3808 1247 3866 quc

188 3878 350 3935 renfermait
363 3899 394 3936 ce
407 3882 485 3936 ricbe
496 3885 664 3941 monastere.

186 3990 190 3996 ¹
223 3968 262 4038 (2)
280 3968 354 4023 C'est
370 3971 513 4042 peut-ene
526 3988 582 4025 une
594 3970 683 4027 forme
696 3989 862 4046 corrompoe
872 3972 909 4028 de
921 3970 1177 4045 gerontodoclrium,
1194 3969 1245 4042 qui

188 4073 256 4113 aura
267 4059 311 4111 ete‘
322 4057 448 4130 employa
460 4077 494 4114 en
507 4059 597 4114 nieme
609 4070 699 4135 temps
709 4079 764 4136 que
776 4063 1023 4135 gerontocomium,
1036 4076 1109 4133 pour
1120 4055 1245 4132 significa

191 4160 229 4197 un
245 4142 358 4217 hospice
371 4165 442 4218 pour
453 4146 492 4203 les
504 4146 650 4203 vieillarda.
