2888 4934
190 405 248 464 172
459 397 642 460 HISTORIA
663 395 967 460 Ecctsssltstlcl.
1135 399 1244 479 [1102]

183 534 439 630 judicarentur.
468 531 538 603 Sed
555 532 639 628 quia
663 530 735 603 dux
759 530 860 602 deses
883 543 919 601 et
944 526 1063 600 mollis
1084 524 1189 619 erat,
1204 553 1245 603 ac

187 646 374 747 principali
401 645 584 739 severitate
613 644 775 735 carebat,
806 640 1006 717 Rodbertus
1034 643 1080 715 de
1105 645 1245 715 Morita-

187 763 269 835 lorti
297 761 369 858 (l),
401 761 530 860 aliique
555 760 738 833 seditionis
762 754 971 858 cdlnplices,
1002 760 1072 856 qui·
1091 759 1247 833 vicissim

188 875 419 967 dissidebant,
436 876 613 977 mappalia
629 900 691 948 sua
708 890 836 975 sponte
852 875 1010 947 immisso
1027 876 1109 973 igne
1125 876 1247 947 incen-

187 991 333 1084 derunt,
357 1008 472 1065 totum
490 993 685 1065 exercitum
702 990 953 1080 turbaverunt,
978 993 1104 1091 etipsi
1127 1012 1171 1064 ex
1190 992 1247 1064 in·

187 1107 339 1199 dustria,
359 1110 501 1182 nemine
517 1124 765 1208 persequente,
784 1107 967 1204 fugerunt,
985 1105 1163 1204 aliosque,
1183 1105 1247 1204 qui

186 1222 356 1296 odibilem
376 1224 593 1296 Rodbertum
611 1248 756 1323 gravare
772 1221 1002 1313 affectabant,
1023 1221 1176 1319 turpiter
1190 1219 1246 1292 su·

187 1362 269 1434 gere
280 1337 541 1437 compulerunt.
558 1343 760 1411 Castrenses
771 1363 871 1429 vero,
887 1353 927 1411 ut
936 1352 1075 1411 tantum
1088 1334 1248 1409 dedecus

187 1454 417 1546 qumannici
440 1454 613 1527 exercitus
638 1453 820 1546 viderunt,
846 1478 929 1526 cum
954 1452 1088 1525 ululatu
1114 1472 1248 1548 magno

186 1584 268 1668 post
291 1594 353 1641 eos
378 1569 580 1644 deridentes
604 1571 786 1643 vociferati
809 1585 909 1657 sunt,
935 1573 1125 1667 minusque
1147 1582 1248 1668 post·

187 1683 338 1757 modum
355 1685 537 1776 timentes,
558 1684 741 1758 crudelem
758 1710 920 1784 guerram
937 1711 1001 1784 per
1017 1687 1250 1756 Oximensem

186 1822 317 1897 pagum
342 1816 539 1900 coeperunt.
569 1801 769 1873 Rodbertus
793 1816 913 1875 autem
937 1800 983 1874 de
1006 1797 1249 1873 Grentemais·

186 1912 291 2005 nilio,
317 1930 353 1988 et
374 1921 477 2014 Hugo
495 1915 541 1988 de
561 1920 684 1990 Monte
702 1918 898 2008 Pincionis,
920 1932 1027 2014 atque
1048 1908 1250 1986 Radbertus

188 2028 233 2100 de
247 2031 396 2103 Curceio
409 2032 475 2129 (2),
492 2047 527 2105 et
539 2031 705 2106 homines
718 2058 857 2126 eorum,
877 2047 1053 2131 quantum
1065 2026 1248 2128 poterant,

187 2145 285 2216 saevis
298 2145 527 2243 praedonibus
541 2148 762 2240 resistebant,
778 2150 1000 2248 patriamque
1013 2168 1115 2220 suam
1128 2143 1252 2216 defen·

187 2257 274 2331 dere
290 2259 508 2357 satagebant.
530 2266 663 2334 Verum
676 2262 810 2361 publici
827 2264 960 2354 hostes,
982 2261 1111 2362 praedis
1126 2253 1248 2348 illecti,

188 2377 381 2448 atrociores
399 2377 683 2470 insurrexerunt,
704 2394 740 2453 et
755 2378 947 2451 Castellum
964 2375 1127 2448 Gunterii
1143 2388 1252 2471 atque

187 2495 328 2581 Furcas,
341 2495 667 2590 Argentomumque
679 2493 818 2591 turgide
829 2492 1051 2593 possidentes
1059 2490 1130 2587 (3),
1144 2488 1251 2561 nimis

187 2606 267 2678 irati
281 2623 377 2698 sunt,
397 2607 497 2706 quod
515 2608 623 2705 aliqui
636 2609 835 2681 vicinorum
849 2610 925 2680 sine
940 2608 1033 2679 duce
1049 2619 1177 2677 contra
1189 2616 1253 2677 aus

187 2722 242 2793 vel
266 2722 394 2796 latrare
415 2725 491 2795 ausi
518 2724 673 2796 fuerunt.
700 2729 767 2796 Per
790 2738 901 2797 totam
920 2747 1005 2819 ergo
1029 2719 1252 2820 provinciam

187 2841 396 2936 pagensium
426 2838 564 2939 praedas
592 2839 800 2938 rapiebant,
834 2853 870 2911 et
901 2838 1048 2936 direptis
1081 2832 1253 2907 omnibus

188 2950 316 3027 domos
335 2957 487 3029 llammis
504 2955 704 3029 tradebant.

237 3073 348 3141 Porro
365 3096 427 3143 rex
448 3072 643 3169 auglorum
664 3095 739 3143 non
759 3073 852 3161 otio,
874 3084 915 3141 ut
937 3069 1044 3141 frater
1061 3067 1155 3164 ejus,
1176 3080 1253 3138 tor·

188 3182 283 3280 puit;
305 3184 368 3256 sed
385 3188 493 3258 totius
509 3188 639 3285 Anglioe
651 3186 809 3284 legiones
822 3187 859 3257 in
877 3201 1050 3258 autumno
1064 3181 1250 3269 adunavit,

189 3312 225 3369 et
247 3298 283 3368 in
306 3301 489 3396 regionem
511 3304 726 3375 Merciorum
752 3301 917 3393 minavit,
944 3300 1065 3397 ibique
1086 3297 1252 3394 Brugiam

225 3600 264 3671 (l)
278 3600 385 3656 Robert
396 3601 431 3656 de
445 3603 594 3670 Montfort,
613 3623 669 3677 que
686 3622 757 3660 nous
774 3620 857 3658 avons
874 3619 909 3656 vu
928 3600 1067 3656 ci·dessus
1078 3603 1093 3654 a
1106 3599 1131 3653 la
1148 3597 1208 3654 tete
1218 3596 1255 3653 de

189 3687 300 3743 l’armee
311 3687 347 3744 de
360 3689 676 3760 GuillaumeleRoux,
690 3692 758 3747 dana
772 3691 797 3746 le
811 3690 912 3745 Maiae.

225 3776 266 3849 (2)
279 3777 399 3846 Robert,
413 3778 456 3834 fils
468 3779 530 3834 aine
542 3778 577 3834 de
589 3780 692 3853 lingue
703 3779 739 3835 de
750 3776 974 3846 Grentememil,
988 3777 1092 3850 Hugue
1102 3771 1139 3829 de
1155 3774 1255 3830 Mout-

189 3864 292 3939 pinqon
304 3877 333 3921 et
347 3865 455 3923 Robert
464 3866 500 3922 de
510 3867 629 3934 Conrci,
642 3885 685 3922 ses
695 3867 897 3923 braux-lrbres.

225 3956 265 4024 (3)
277 3953 548 4022 Chium-Guntia,
567 3973 615 4010 sur
633 3953 659 4009 la
673 3974 821 4011 commune
836 3955 871 4010 de
884 3955 910 4009 la
922 3953 1036 4010 Courbe
1052 3952 1173 4021 (canton
1184 3947 1255 4003 ‹l’E-

191 4043 321 4115 coucbe),
334 4044 404 4099 ainsi
416 4048 574 4100 nommeel
590 4063 670 4100 cause
684 4045 768 4100 d'une
785 4044 935 4119 poesqu‘ue
952 4042 1017 4116 qu'y
1032 4041 1122 4095 forme
1133 4036 1252 4101 l'0m03

192 4131 341 4199 Fqurclres,
356 4146 457 4191 canton
469 4134 505 4190 de
516 4135 668 4191 Coulibrul
675 4158 682 4193 2
697 4136 848 4207 Argenteo.
