2888 4934
87 462 216 540 [troo]
447 460 563 521 tinen
586 455 825 522 censemus.
1105 459 1164 525 ser

88 595 199 666 inter
213 592 432 666 venerabiles
449 617 618 692 personas
635 608 709 665 erat
725 594 936 693 precipuus,
951 595 1084 665 caeteris
1097 596 1165 667 ser·

89 707 262 795 ventior,
287 721 469 806 sequester
486 707 578 779 inter
594 730 782 804 germanos
805 706 1015 778 dissidentes
1033 707 1163 800 factus,

90 821 277 895 audacter
293 823 473 896 interdixit
497 849 542 896 ne
564 839 740 895 certarent
763 823 981 913 comminus,
1003 850 1050 897 ne
1071 827 1167 899 vide·

41 935 44 940 ’
92 952 233 1010 rentur
248 939 375 1010 imitari
394 938 600 1010 detestabile
619 936 786 1009 omnibus
804 938 938 1009 saeculis
958 939 1168 1039 OEdipoda·

94 1078 189 1124 rum
204 1053 261 1150 (l)
277 1051 425 1144 lacinus,
447 1054 644 1150 meritoque
662 1053 820 1126 subirent
836 1053 1006 1126 Ethioclis
1023 1072 1058 1128 et
1073 1058 1169 1130 Poli-

93 1169 197 1241 nicis
215 1169 369 1241 nefarios
385 1185 421 1241 et
436 1169 623 1241 horribiles
640 1186 799 1242 eventus.

154 1286 322 1382 Denique
351 1310 412 1357 rex
443 1285 654 1384 multiplices
683 1310 785 1357 casus
817 1286 966 1359 solerter
998 1290 1167 1388 inspexit,

95 1400 298 1499 verbisque
319 1402 558 1500 sophistarum
573 1402 693 1474 animo
713 1406 888 1503 perceptis
906 1405 1065 1479 diversos
1081 1432 1170 1479 con·

93 1515 223 1588 soltus
243 1515 417 1589 subtiliter
436 1516 598 1589 revolvit.
625 1517 728 1590 Unde
747 1519 998 1615 hujuscemodi
1019 1521 1171 1619 legatio-

95 1656 194 1702 nem
212 1631 308 1703 l'ratri
325 1657 391 1704 suo
405 1632 589 1705 mandavit
605 1660 613 1702 :
632 1638 716 1732 Ego,
739 1634 866 1731 inquit,
877 1634 1003 1731 frater
1018 1639 1079 1722 mi,
1100 1663 1173 1710 non

83 1746 376 1845 procupidinem
393 1751 527 1821 terreni
538 1749 681 1820 honoris
696 1749 763 1819 huc
778 1754 917 1838 accessi,
936 1776 999 1822 nec
1015 1750 1174 1849 tibijura

94 1862 259 1936 micatus
278 1866 331 1934 tui
347 1861 504 1935 adimere
520 1863 675 1951 decrevi,
695 1863 759 1935 sed
778 1864 983 1960 lacrynwsr's
1001 1866 1175 1965 questibus

81 2004 307 2077 pauperum
318 1980 495 2065 invelatas,
513 1978 676 2050 Ecclesiae
688 1981 757 2050 Dei
766 1996 847 2077 opto
859 1978 1069 2080 suffragari,
1082 2007 1171 2080 quse,

96 2093 206 2165 velut
214 2095 314 2165 navis
324 2096 401 2164 sine
407 2091 652 2194 gubernatore,
659 2093 887 2190 periclitatur
897 2097 989 2166 inter
997 2096 1177 2192 procellas

86 2209 242 2308 pelagi.
260 2215 318 2281 -Tu
332 2213 427 2282 enim
445 2226 579 2281 terram
596 2227 636 2281 ut
650 2208 757 2281 arbor
773 2209 993 2306 infructuosa
1006 2237 1172 2309 occupas,

96 2324 319 2424 malleumque
327 2325 477 2423 justitie
482 2323 647 2422 fructum
666 2328 829 2396 Creatori
843 2342 962 2398 nostro
977 2328 1172 2420 sacrificem

102 2446 201 2512 Dux
222 2440 363 2539 quidem
386 2442 528 2512 nomine
558 2455 657 2511 tenus
683 2445 836 2529 meatur,-
864 2441 929 2513 sed
948 2466 972 2512 a
996 2443 1178 2515 clientibus

99 2559 184 2626 tuis
202 2554 331 2653 palam
354 2555 599 2642 subsannaris,
630 2579 694 2626 nec
719 2558 770 2626 tui
787 2572 1004 2655 contemptus
1024 2558 1178 2656 injurius

99 2670 305 2743 ulcisceris.
329 2670 493 2743 Crudeles
511 2695 593 2770 ergo
609 2672 806 2769 iniquitatis
813 2671 893 2763 filii
907 2671 971 2743 sub
986 2672 1111 2744 umbra
1127 2677 1180 2745 tui

98 2787 276 2884 mquiter
290 2788 497 2884 opprimunt
505 2784 627 2883 plebes
645 2785 856 2856 christianas
862 2840 873 2873 ,
890 2785 1042 2884 Jamque
1052 2787 1179 2884 plures

81 2926 205 2995 pene
219 2893 417 2973 hominibus
436 2925 560 2972 vacuus
576 2903 615 2971 in
631 2903 858 2972 Normannia
867 2899 1038 2996 fecerunt
1046 2927 1178 3000 parro-

95 3017 226 3089 etrus.
246 3021 330 3088 Hac
346 3015 479 3104 videns,
498 3016 573 3088 zelo
590 3017 673 3100 Dei,
695 3017 759 3114 qui
772 3040 836 3085 nos
852 3018 955 3114 regit,
976 3017 1174 3108 inardescO,

103 3134 345 3231 animmque
354 3158 468 3203 meam
477 3157 548 3230 pro
558 3130 672 3201 salute
677 3130 844 3227 fratrum
856 3146 891 3201 et
901 3130 1036 3203 dilectae
1045 3136 1172 3232 gentis,

96 3248 312 3346 ponteque
343 3273 476 3345 ponere
511 3244 683 3345 efflagito.
720 3248 787 3316 His
820 3248 937 3346 itaque
962 3251 1175 3346 perspectis,

110 3386 250 3457 queem,
271 3362 357 3432 meis
372 3361 527 3432 consiliis
546 3377 660 3446 utere,
680 3377 716 3430 et
729 3384 785 3431 me
801 3363 870 3432 ista
887 3362 1009 3433 moliri
1024 3390 1096 3435 non
1106 3389 1180 3460 pro
1224 3405 1234 3423 =

109 3474 320 3573 cupiditate,
335 3474 401 3546 sed
408 3501 479 3572 pro
491 3474 581 3546 bona
600 3475 786 3562 voluntate,
800 3476 929 3572 palam
940 3481 1077 3573 poteris
1088 3502 1181 3550 com·

104 3589 283 3686 probare.
314 3596 446 3663 Omnes
470 3592 701 3676 munitiones,
734 3606 910 3689 totamque
934 3593 1114 3690 justitiam
1147 3611 1185 3666 et

103 3708 406 3802 procurationem
429 3708 533 3777 totius
558 3707 790 3777 Normanm'ae
815 3722 852 3778 et
874 3706 1094 3780 medietatem
1115 3707 1181 3781 du-

122 3832 221 3894 catus
242 3822 331 3893 mihi
346 3821 497 3906 dimitte,
522 3819 701 3918 aliamque
723 3819 942 3893 medietatem
963 3827 1040 3895 sine
1066 3823 1183 3896 labore

120 3953 260 4010 etcum
278 3936 341 4010 trdt'
355 3934 510 4034 posside,
530 3951 566 4007 et
579 3935 878 4033 aequipollentiam
894 3940 1042 4013 alterius
1057 3939 1183 4012 medie·

165 4193 200 4261 (ι)
218 4192 255 4247 ιι
267 4191 372 4248 unm
384 4190 533 4264 d’ontipe.
