3178 5052
364 511 424 572 tas
635 505 817 568 utstuntt
842 505 1144 568 uccuesttsrtct.
1310 513 1416 590 [ttot]

362 642 440 732 tiis,
460 640 617 713 actitant.
652 637 853 734 Indigentes
870 639 1046 736 peregrini
1064 638 1168 710 avide
1187 655 1418 735 susceperunt

361 757 464 828 xenia
478 755 714 852 Imperatoris,
728 755 925 827 nescientes
941 753 1066 826 dolum
1077 769 1306 850 versutasque
1323 755 1418 827 mali·

362 875 511 972 gnitates
524 872 666 972 pessimi
686 872 877 946 traditoris.
897 874 1003 946 Vafer
1019 875 1115 946 enim
1132 873 1334 971 explorator
1350 898 1417 945 nu·

361 1014 500 1062 merum
518 1013 643 1061 eorum
654 987 727 1060 hoc
739 1002 863 1061 tenore
876 987 1069 1085 indagavit,
1082 1003 1295 1086 computans
1308 1013 1418 1085 quan·

360 1105 494 1177 titatem
526 1103 794 1202 suscipientium
819 1127 884 1202 per
902 1127 1105 1178 mensuram
1123 1104 1283 1202 pecuniae
1308 1127 1417 1201 quam

360 1218 504 1316 singulis
521 1218 720 1290 donaverit.
748 1216 886 1290 Deinde
910 1218 1186 1317 descriptionem
1213 1200 1418 1314 quantitatis

360 1355 487 1404 eorum
506 1331 719 1402 Dalimanno
738 1345 775 1402 et
790 1331 1016 1421 solimanno,
1034 1331 1181 1428 aliisque
1197 1330 1418 1428 principibus

359 1453 555 1520 Tuscorum
568 1446 707 1536 direxit,
726 1447 860 1543 eisque,
876 1462 917 1519 ut
933 1446 1142 1520 coadunatis
1159 1446 1293 1518 viribus
1310 1447 1418 1518 totius

361 1563 561 1659 Paganismi
579 1560 674 1633 bello
687 1560 767 1633 illos
783 1563 985 1661 exciperent
995 1563 1033 1633 in
1049 1560 1301 1659 Paphlagonia,
1321 1585 1419 1633 man·

360 1675 470 1748 davit.
486 1679 678 1765 Nostrates,
699 1675 808 1746 nescii
826 1675 970 1766 fraudis,
986 1676 1198 1748 adveniente
1214 1675 1345 1747 comite
1361 1674 1418 1746 lae·

360 1791 422 1863 tati
436 1804 531 1879 sunt,
546 1789 839 1888 Turcopolisque,
859 1791 921 1888 qui
934 1792 1064 1863 Getice
1075 1790 1264 1862 locutionis
1283 1789 1419 1862 stritus

359 1907 493 2004 patriae,
509 1906 718 2003 viarumque
736 1907 837 2002 gnari
853 1921 968 1995 erant,
986 1904 1238 2003 praeeuntibus,
1255 1905 1321 1976 iter
1333 1905 1419 1975 inie-

359 2036 457 2111 runt,
469 2035 504 2091 et
519 2020 632 2092 tribus
645 2021 849 2118 septimanis
861 2045 925 2120 per
936 2020 1063 2092 nimias
1070 2018 1293 2091 difficultates
1304 2041 1418 2116 usque

361 2135 408 2206 ad
424 2159 592 2232 magnam
609 2135 846 2208 barbarorum
863 2135 1007 2226 urbem,
1029 2159 1109 2232 quae
1125 2135 1289 2207 Gandms
1306 2157 1416 2206 voca·

360 2269 430 2344 tur,
449 2253 620 2330 abeuntes
638 2270 857 2328 erraverunt.
876 2257 1064 2328 Tramitem
1082 2278 1251 2352 namque,
1273 2253 1336 2353 qui
1353 2278 1418 2352 per

361 2366 568 2443 Romahiam
582 2385 617 2444 et
630 2372 768 2468 Syriam
783 2372 820 2443 in
837 2371 1028 2444 Ierusalem
1040 2371 1159 2460 ducit,
1173 2370 1219 2443 ad
1236 2369 1418 2442 dexteram

360 2486 509 2557 omniuo
540 2484 828 2583 dereliquerunt,
863 2501 898 2557 et
928 2510 993 2586 per
1023 2491 1197 2575 Pontum,
1222 2484 1417 2557 lletridatis

358 2602 543 2705 quondam
574 2629 623 2672 xx
649 2601 804 2674 duorum
835 2626 1026 2700 regnorum
1059 2603 1150 2701 regis
1179 2627 1341 2700 regnum,
1370 2600 1416 2672 ad

358 2717 572 2816 Aquilonem
589 2741 702 2814 usque
726 2717 763 2789 in
787 2717 1066 2817 Paphlagoniam
1087 2718 1189 2790 devia
1210 2715 1413 2790 tenuerunt.
1478 2747 1488 2760 ·

358 2839 538 2907 lncerturn
565 2832 682 2906 habeo
707 2849 827 2906 utrum
854 2858 974 2907 comes
1001 2835 1119 2906 Sancti
1148 2834 1260 2931 Egidii
1280 2835 1331 2907 sic
1356 2834 1418 2906 de·

357 2949 506 3022 viaverit
518 2971 583 3047 per
590 2948 840 3046 ignorantiam,
856 2972 901 3020 an
913 2973 1018 3022 causa
1030 2948 1193 3021 vindictae
1206 2949 1324 3022 socios
1332 2973 1416 3021 suos

357 3061 406 3133 ita
434 3061 612 3134 seduxerit
637 3087 703 3162 per
724 3062 1015 3134 malivolentiam.
1042 3065 1204 3160 Cumque
1227 3061 1417 3134 Christiani

358 3199 424 3272 per
446 3197 571 3274 aspera
588 3175 666 3249 loca
693 3191 728 3249 et
744 3177 943 3276 periculosa
966 3177 1132 3267 flumina,
1158 3177 1350 3274 deviasque
1363 3175 1418 3248 sil·

357 3311 420 3360 vas
443 3291 732 3386 pertransissent,
761 3307 797 3362 et
815 3305 897 3389 post
922 3305 993 3363 tres
1024 3291 1269 3364 hebdomadas
1286 3293 1343 3362 vix
1370 3290 1417 3365 ad

357 3401 484 3476 urbem
500 3403 662 3476 Gandras
688 3408 943 3503 pervenissent,
971 3405 1091 3502 ibique
1113 3421 1195 3505 post
1211 3407 1343 3479 multos
1366 3406 1418 3479 la·

357 3519 463 3594 bores
486 3519 692 3616 aliquandiu
713 3523 932 3618 requiescere
948 3521 1202 3612 decrevissent,
1223 3547 1306 3595 ecce
1327 3522 1417 3595 mul·

357 3635 472 3707 titudo
488 3639 724 3732 Paganorum,
750 3651 790 3707 ut
803 3659 910 3710 arena
928 3639 1034 3709 maris
1050 3637 1331 3728 innumerabilis,
1351 3661 1414 3708 oo-

357 3752 487 3840 currit‚
520 3764 556 3824 et
578 3751 783 3848 imparatos,
814 3753 1036 3850 nimiumque
1064 3751 1225 3851 pluribus
1248 3753 1417 3850 angustiis

356 3863 466 3938 sessos
484 3867 706 3962 provocavit.
726 3871 861 3939 Uxores
872 3871 1005 3970 quippe
1021 3893 1101 3941 suas
1119 3885 1155 3942 et
1171 3884 1416 3942 armentorum

356 4003 479 4078 greges
495 4005 616 4054 secum
634 3980 831 4072 ducebant,
854 3999 890 4055 et
904 3982 1075 4057 vehiculis
1097 3986 1257 4081 ingentes
1277 3983 1415 4056 divitia·

357 4119 439 4170 rum
454 4095 578 4194 copias
596 4095 807 4187 trabebant,
828 4113 867 4170 ut
885 4123 996 4198 opum
1012 4099 1146 4171 molem
1168 4123 1314 4170 suarum
1328 4121 1417 4196 prce·

357 4211 468 4284 sentin
478 4211 533 4282 sui
547 4233 775 4310 summopere
789 4227 981 4303 servarent,
996 4227 1031 4285 et
1043 4229 1117 4285 tam
1128 4213 1289 4286 hostibus
1305 4235 1416 4309 quam
