2888 4934
193 416 254 477 278
465 414 648 476 fltsrottts
670 410 974 475 Ecetffilsssscs.
1139 417 1248 497 [tros]

192 543 409 644 lllucitaque
422 543 570 616 totidem
583 544 796 625 fratreseum
807 541 1247 642 praeiatoabbstenr'idus

191 661 348 734 octobris
358 660 413 758 (i)
427 674 684 751 convenerunt,
700 660 820 756 ibique
831 660 868 730 iu
881 657 1020 731 deserto
1032 658 1129 749 looo,
1140 684 1248 758 quem

191 773 455 850 Buscheronem
482 773 536 870 (2)
566 774 691 847 incolae
718 785 1030 870 nuncupaverunt,
1061 772 1109 845 ad
1136 774 1250 847 sancti

191 889 363 990 cupellam
384 889 524 961 Martini
547 888 802 989 archipresulis
822 887 877 984 (3)
900 888 1107 984 regulariter
1129 889 1250 963 vivero

191 1023 389 1106 coeperunt.
410 1004 531 1077 Plures
549 1020 667 1080 autem
684 1005 831 1077 diversae
843 1003 967 1093 aetatis,
986 1001 1032 1075 od
1044 1005 1250 1077 conversio·

190 1144 275 1193 nem
291 1121 486 1210 venientes,
501 1119 635 1193 ibidem
649 1118 848 1218 benigniter
863 1133 1108 1217 susceperunt,
1127 1119 1250 1218 eisquc

190 1235 285 1307 viem
301 1235 380 1307 vitae
397 1234 593 1308 secundum
608 1235 721 1307 sancti
736 1233 894 1332 regulam
912 1231 1093 1305 Benedicti
1107 1248 1250 1330 gretan·

190 1363 246 1423 ter
279 1350 524 1425 ostenderunt.
554 1355 750 1444 Caeterum,
778 1351 869 1423 sicut
899 1364 1034 1446 segetes
1062 1351 1249 1425 acutione

192 1487 305 1562 usque
327 1463 375 1537 ed
399 1464 612 1538 messionem
634 1464 754 1564 plures
780 1464 925 1560 injurias
950 1463 1156 1562 perferunt,
1182 1486 1249 1537 nec

190 1579 313 1653 omnin
336 1603 446 1678 gana
472 1580 550 1679 pnri
572 1579 715 1653 fortuna
739 1576 949 1678 proficiunt,
974 1579 1048 1651 sive
1070 1576 1250 1653 consimili

188 1693 387 1769 infortunio
413 1709 584 1795 pereunt,
611 1693 676 1771 sed
702 1694 806 1767 variis
828 1719 892 1793 per
912 1691 1084 1765 hibernos
1112 1691 1249 1767 imbre·

188 1822 226 1883 et
237 1810 376 1883 nstivos
393 1809 539 1883 ardores
552 1809 689 1908 injuriis
705 1808 847 1899 afflicta,
861 1806 1049 1881 difficulter
1061 1820 1246 1901 crescrmtt

187 1922 241 1997 sic
254 1922 420 1999 homines
435 1925 472 1998 in
490 1925 636 2023 singulis
652 1923 858 2015 ordinibus,
880 1948 942 1997 seu
960 1923 1249 2020 congregationi-

189 2035 271 2129 bus,
288 2038 435 2113 diversis
448 2040 649 2115 turbinibus
663 2041 853 2139 agitantur,
871 2063 938 2111 nec
953 2036 1056 2136 parili
1072 2039 1252 2139 prosperi·

190 2165 262 2229 tute
277 2157 516 2231 communiter
529 2156 791 2247 beatificantur,
810 2180 877 2229 nec
889 2154 993 2229 simili
1004 2179 1129 2229 rursus
1140 2154 1251 2247 infor·-

190 2269 293 2343 tunio
310 2288 604 2369 conquassantur.

240 2386 344 2459 duno
371 2386 419 2461 ab
443 2388 690 2461 lucamntione
719 2388 866 2461 Domini
893 2394 935 2461 u⁰
960 2392 1109 2476 c⁰v111⁰‚
1134 2386 1251 2463 indio·

190 2499 290 2576 tione
312 2500 448 2599 primo,
475 2503 640 2601 praefatus
665 2503 792 2575 consul
813 2527 897 2577 cum
924 2503 1078 2598 conjuge
1102 2524 1170 2576 sun
1192 2501 1251 2575 in·

191 2628 334 2712 gentem
365 2613 546 2688 basilicam
573 2616 611 2688 in
640 2615 780 2688 bonore
811 2630 939 2690 sanctae
968 2617 1034 2688 Dei
1071 2614 1251 2712 genitricis

190 2728 307 2801 Mnriae
322 2730 447 2829 coepit,
466 2745 503 2802 et
518 2730 565 2802 de
585 2754 648 2802 sus
663 2732 816 2829 pecunia
832 2754 998 2828 magnam
1013 2730 1250 2828 quantitatem

190 2841 237 2916 ad
260 2843 477 2943 explendum
499 2870 591 2945 opus
613 2845 787 2943 erogavit3
815 2845 878 2918 sed
897 2843 1088 2917 mundonis
1107 2843 1251 2917 infesta·

190 2957 348 3032 tionibus
375 2961 526 3058 greviter
555 2960 848 3060 impedientibus,
875 2959 1045 3060 perlicere
1073 2958 1246 3058 nequivit.

190 3264 331 3336 proprietd
345 3278 374 3322 et
391 3265 417 3320 la
434 3265 576 3322 residence
588 3264 741 3338 principale
756 3265 792 3320 de
809 3266 848 3322 Μ.
867 3266 978 3321 Fancou
991 3265 1027 3321 de
1040 3265 1105 3331 itis,
1125 3264 1249 3338 premier

189 3350 332 3422 president
346 3352 385 3409 dn
403 3352 560 3410 Parlement
575 3354 611 3410 de
627 3353 737 3409 Ronen.
757 3355 838 3410 Cette
859 3355 953 3429 secede
972 3364 1014 3410 est
1029 3353 1176 3410 conforme
1191 3354 1208 3409 i
1222 3352 1249 3407 h

189 3438 308 3512 plancho
318 3440 353 3497 de
364 3442 410 3496 Du
424 3442 559 3510 Cercetio,
575 3461 606 3497 ce
619 3442 669 3516 qui
683 3460 785 3515 prouve
798 3460 853 3517 que
865 3442 891 3498 la
903 3444 1092 3499 construction
1102 3441 1181 3497 avait·
1189 3440 1245 3508 tte.

189 3543 226 3582 an
239 3527 329 3583 moins
340 3546 376 3584 eu
391 3529 494 3603 grande
507 3532 610 3602 partie,
624 3532 764 3586 executde.

224 3614 263 3688 (4)
283 3616 319 3670 Le
331 3622 364 3675 43
378 3617 491 3672 octobre
503 3620 584 3676 44447.

225 3702 264 3775 (2)
283 3702 360 3759 Nous
373 3705 483 3761 n’avons
496 3725 544 3779 pas
559 3707 751 3763 conmissauce
763 3704 831 3781 qn’il
841 3707 881 3760 tit
892 3706 1010 3762 subsiste
1023 3705 1072 3761 des
1082 3708 1203 3780 vestiges
1213 3702 1248 3761 do

190 3808 300 3847 cenom
314 3791 391 3846 local.
1176 3797 1179 3803 '

224 3879 263 3953 (³)
282 3880 384 3937 C’etait
395 3881 460 3936 bien
474 3881 634 3938 rdellement
646 3901 701 3939 une
711 3881 843 3956 chapelle.
859 3880 974 3955 L'dglise
986 3881 1146 3955 poroissiale
1156 3901 1174 3938 e
1183 3890 1247 3938 tott-

185 3967 266 4038 jours
277 3968 364 4024 existe
377 3986 440 4023 sous
454 3967 480 4023 le
491 3968 602 4025 vocable
615 3969 649 4026 de
660 3970 847 4026 saint-Deoia.
861 3970 910 4024 Les
922 3969 1072 4025 bitimeuts
1083 3968 1123 4025 du
1135 3969 1247 4043 prieurs

188 4053 283 4111 forent
312 4055 421 4111 abattus
447 4074 519 4130 pour
544 4057 612 4113 faire
638 4058 715 4131 place
739 4077 791 4114 aux
817 4057 975 4114 fondatione
998 4058 1037 4113 dn
1066 4057 1186 4115 cheteus
1211 4054 1246 4111 ds

188 4139 304 4200 Charles
316 4144 371 4213 IX,
385 4155 414 4200 et
425 4144 464 4200 les
476 4145 582 4247 moines
595 4148 726 4218 renroyes
738 4148 754 4200 t
766 4145 983 4203 Sciat-Erroult.
