2888 4934
214 437 254 496 52
486 434 668 496 HISTORIA
690 434 995 513 Eccnffitnsrlcn.
1063 440 1272 518 [roas-1099]

213 585 249 639 et
256 571 537 668 tergiversatione
537 568 694 665 faciunt.
709 575 797 642 Ecce
805 568 956 641 deuictus
964 569 1267 669 suppleaatbortb,

211 682 503 779 etfraudubenter
514 686 628 757 inbiat
638 703 716 758 tuus
731 685 1022 788 essefanailearir.
1042 689 1114 758 Cur
1130 687 1195 759 boc
1206 714 1272 786 ap-

204 801 320 896 petit?
333 818 374 872 ut
383 817 514 900 quanto
527 805 595 875 tun
608 805 753 899 vicinior
769 801 971 895 interfuerit
986 804 1141 889 arcanis,
1156 819 1267 891 tanto,

210 912 294 986 durn
307 915 376 988 sibi
390 921 553 990 arriserit
570 923 817 1016 opportunitas
830 921 1008 1016 temporib,
1029 935 1153 990 contra
1168 936 1201 991 tc
1207 917 1270 1015 se-

208 1035 323 1104 rociur
339 1035 533 1134 inturgeru,
550 1038 618 1106 tuis
633 1034 795 1131 infestior
810 1035 991 1133 copuletur
1002 1036 1167 1106 inimicia.

256 1150 317 1220 His
335 1150 381 1220 ita
399 1150 518 1240 dictio,
538 1150 702 1222 voluntas
726 1151 817 1248 regis
834 1152 1019 1222 immutata
1036 1167 1107 1239 est,
1127 1165 1162 1223 et
1176 1166 1266 1224 stre-

205 1286 300 1332 nuus
313 1263 433 1353 herm,
453 1290 498 1336 ne
508 1265 543 1335 in
558 1265 689 1336 familia
703 1265 795 1362 regis
808 1279 1088 1363 computaretur,
1105 1265 1269 1363 repudie-

207 1389 263 1448 tus
281 1368 346 1449 est.
370 1380 473 1452 Unde
490 1379 592 1452 labor
609 1381 735 1477 ingens
745 1405 828 1453 cum
840 1379 1007 1478 periculis
1023 1394 1058 1451 et
1075 1380 1268 1454 detrimen·

205 1491 248 1563 tis
261 1495 494 1590 postmodum
506 1495 625 1566 multis
639 1512 781 1567 exortus
795 1513 860 1567 est.
875 1499 1007 1566 Rursus
1018 1493 1135 1567 Helias
1146 1520 1267 1593 regem

202 1604 343 1682 blandis
360 1611 524 1683 affatibus
536 1610 647 1682 lenire
662 1612 811 1700 studuit,
826 1611 889 1683 sed
908 1611 1046 1681 frustra.
1066 1609 1170 1682 Unde
1181 1634 1268 1683 con·

203 1736 339 1797 stanter
359 1727 507 1822 adjecit:
528 1726 705 1812 Libenter,
728 1726 869 1798 dornr'ne
889 1753 974 1813 rex,
1001 1726 1065 1797 trbi
1080 1728 1263 1815 servirem,

200 1841 236 1910 si
242 1841 305 1912 a'bt
314 1843 485 1940 placeret,
502 1847 728 1943 gratiamque
741 1842 840 1941 apud
855 1860 887 1915 te
902 1846 1106 1914 invenirem.
1128 1843 1266 1915 Amodo

201 1957 304 2045 mibi,
329 1985 463 2057 quaeso,
490 1960 569 2031 noli
584 1960 772 2059 derogare,
796 1962 831 2030 si
849 1956 952 2030 aliud
965 1957 1116 2029 conabor
1133 1985 1264 2057 perpe·

202 2084 312 2141 trare.
336 2078 517 2146 Patrenter
528 2074 635 2171 ferro
661 2099 792 2173 nequeo
811 2072 906 2171 quod
922 2099 1038 2144 meam
1059 2073 1148 2144 nu'bi
1164 2073 1264 2145 abla-

201 2202 274 2258 tam
304 2189 533 2262 hereditatem
562 2195 739 2289 perspicio
748 2246 760 2277 ‚
797 2206 834 2261 et
863 2189 1026 2261 uiolentia
1048 2190 1265 2287 praevalente

199 2309 314 2377 omnis
344 2307 434 2378 mibi
459 2307 653 2406 denegatur
683 2305 863 2377 rectitudo.
905 2305 1139 2396 Quamobrem
1162 2332 1264 2378 nemo

199 2422 359 2510 miretur,
377 2425 413 2493 si
425 2421 784 2518 calumniamfecero‚
802 2423 982 2492 sinaitam
999 2420 1167 2491 bonorem
1184 2425 1265 2492 totir

199 2535 331 2607 nisibus
349 2540 532 2634 repetiero.
559 2539 625 2610 Cui
647 2536 808 2634 turgidus
831 2561 893 2607 rex
916 2536 993 2607 ait:
1018 2534 1129 2626 Vade,
1147 2552 1184 2606 et
1198 2561 1264 2634 age

197 2650 364 2750 quicquid
378 2653 467 2723 mibi
470 2669 574 2750 potes
584 2678 688 2751 agere
707 2652 721 2747 (
747 2652 775 2746 ).
858 2682 860 2686 ⁴

231 2930 271 3000 (b)
289 2933 420 3007 Quoique
436 2931 461 2987 le
472 2930 543 2986 reicit
554 2929 590 2984 de
605 2939 679 2984 cette
696 2928 886 2982 conversation
904 2928 958 2981 soit
972 2927 1034 3000 pius
1047 2927 1143 3000 rapide
1153 2937 1183 2981 et
1198 2927 1262 3000 pius

195 3019 289 3074 anime
304 3021 374 3095 qu’il
386 3023 456 3078 n'eat
467 3021 537 3076 dana
549 3020 589 3075 ies
607 3016 758 3074 habitudes
771 3016 806 3070 de
823 3016 951 3082 l'auteur,
966 3033 1036 3070 nous
1052 3017 1196 3088 prefe'rona
1210 3033 1262 3069 en·

196 3123 262 3160 core
281 3105 307 3161 le
326 3119 437 3182 compte
451 3110 535 3184 qu'en
553 3106 624 3163 rend
641 3106 804 3163 Guillaume
821 3103 856 3157 dc
872 3103 1069 3175 Malrnesbury,
1082 3113 1111 3158 et
1126 3102 1175 3178 qui
1191 3120 1262 3158 nous

195 3195 285 3267 parait
296 3196 437 3268 exprimer
448 3216 549 3252 encore
563 3197 655 3252 mieux
668 3195 693 3250 la
710 3194 832 3249 violence
845 3191 880 3245 de
894 3194 1033 3247 caractere
1051 3191 1091 3245 du
1107 3209 1261 3265 monarqnc

195 3282 311 3356 Anglaia
327 3308 332 3339 :

234 3373 287 3428 Cui
297 3373 418 3448 (Heliae),
427 3385 494 3431 ante
503 3395 533 3430 se
544 3375 675 3441 calcinato,
686 3391 738 3428 rex
751 3369 925 3426 ludibundus
937 3392 944 3422 .-
955 3368 1049 3423 Hnbco
1063 3377 1097 3434 te,
1111 3370 1247 3439 magnter

193 3464 294 3535 inquit.
309 3463 351 3517 At
364 3464 424 3532 itte,
445 3464 528 3538 cujus
543 3463 603 3516 alta
618 3462 750 3541 nobilitas
765 3461 880 3513 rtescivit
900 3460 983 3512 etiarn
995 3460 1024 3510 in
1040 3464 1119 3509 tanto
1135 3459 1261 3527 periculo

193 3548 311 3605 burruiia
327 3552 406 3624 loqui
417 3576 424 3604 .·
442 3551 581 3616 Fortuita,
596 3552 694 3622 inquit,
708 3568 751 3603 me
762 3550 876 3618 cepistr‘,·
890 3550 917 3601 si
927 3563 1038 3618 possem
1051 3543 1182 3611 evadere,
1196 3549 1263 3600 novi

193 3638 409 3713 quidsacerern.
428 3641 510 3695 Tunc
528 3638 565 3693 W
563 3638 684 3691 illelmus
688 3678 696 3704 ,
709 3655 771 3707 pra
781 3635 881 3707 surore
889 3635 959 3708 sere
977 3643 1059 3688 extra
1072 3652 1101 3686 se
1111 3636 1220 3700 positus
1233 3645 1261 3690 et

193 3725 340 3784 obuncans
352 3727 482 3784 Heliams
496 3728 554 3796 Tu,
565 3727 667 3798 inquit,
682 3731 727 3777 tu!
739 3724 952 3797 quidsaccres?
961 3720 1090 3784 discede,
1103 3722 1260 3796 abi,suge!

192 3815 314 3873 eoncedo
326 3818 379 3872 ubi
389 3826 419 3872 ut
425 3816 528 3890 sacius
540 3813 676 3888 quicquid
690 3816 810 3881 poterin
824 3821 851 3866 et
866 3831 918 3882 ptr
931 3811 1036 3864 uultum
1050 3808 1085 3863 de
1100 3810 1181 3865 Luca
1197 3813 1260 3884 (par

170 3933 172 3937 >
190 3903 218 3960 le
230 3906 305 3961 nint
316 3903 407 3965 Voult
424 3903 460 3959 de
475 3901 629 3978 tanqua),
644 3898 729 3967 nibil,
747 3904 773 3954 si
788 3919 831 3954 me
848 3901 957 3965 viceris,
971 3916 1023 3965 pro
1039 3896 1092 3950 bac
1110 3901 1191 3952 acaia
1210 3899 1261 3952 tibi

188 3995 329 4067 pwiscar.
343 3993 392 4061 On
402 3992 457 4049 nait
468 4009 523 4065 que
536 3991 657 4064 lejuron
670 3986 796 4042 habituel
808 3988 842 4042 de
856 4007 887 4043 ce
899 3988 995 4061 prince
1008 3985 1074 4040 &tait
1086 4005 1137 4059 par
1148 3986 1174 4040 le
1186 3987 1259 4041 saint

342 4076 392 4136 rba
403 4079 495 4150 sainte
506 4078 576 4152 saco)
588 4077 623 4133 de
637 4078 777 4150 Lucques,
789 4095 897 4130 comme
909 4075 980 4130 colui
994 4073 1029 4129 de
1042 4091 1092 4128 son
1106 4075 1171 4147 pere
1185 4098 1191 4128 z
1208 4093 1259 4147 par

444 4164 516 4223 Dian
527 4169 589 4240 (par
600 4165 627 4220 la
641 4163 808 4237 conplendor
821 4164 889 4233 θεῆς
902 4161 1076 4238 queiqncsois
1089 4186 1095 4215 ι
1111 4180 1162 4234 par
1175 4159 1200 4215 la
1213 4163 1258 4217 rb-
