2888 4934
193 340 304 420 [1110]
519 336 636 399 11111111
656 335 926 399 nuonuctttus.
1188 340 1249 403 343

192 471 274 544 filiis
289 471 364 544 suis
379 470 544 569 arripuit,
556 472 631 569 jam
647 470 755 542 morti
770 470 970 568 contiguus.
989 473 1078 542 Nam
1095 471 1132 542 in
1150 475 1249 545 terri·

193 589 286 663 torio
315 586 461 659 Uncinis
484 587 531 658 de
558 611 667 659 censu
689 587 780 683 regis
803 585 1005 659 firmitatem
1031 588 1245 678 construxit,

192 702 454 799 dominumque
481 726 586 774 suum
611 701 840 774 Eustachium
859 715 1027 790 sectatus,
1049 702 1248 774 vicinorum

193 840 298 917 agros
323 817 537 917 depopulari
565 817 719 907 studuit,
746 832 782 889 et
806 819 899 889 inter
921 816 1083 916 publicos
1106 819 1245 910 hostes,

193 934 358 1032 quamvis
374 958 498 1025 senex,
519 932 681 1006 denotari
698 956 774 1005 non
791 933 945 1007 erubuit.

241 1053 342 1121 'llrnc
358 1073 381 1121 a
396 1046 475 1120 filiis
492 1047 682 1121 hominum
700 1048 1011 1147 quadragesimalis
1027 1048 1249 1123 observantia

193 1164 444 1238 damnabiliter
460 1166 701 1238 contaminata
717 1179 781 1238 est.
867 1254 876 1273 .

244 1279 458 1369 Radbertus,
469 1279 617 1352 tscetini
626 1279 741 1352 Goelli
751 1278 881 1378 filius(l
890 1281 916 1377 ),
926 1281 1153 1353 inimicorum
1161 1282 1252 1377 regis

193 1394 332 1492 primus
346 1395 510 1494 resipuit,
531 1409 568 1466 et
582 1394 757 1467 inchoata
773 1396 934 1468 factionis
951 1396 1145 1494 poenitens,
1164 1398 1253 1466 ami·

191 1509 315 1581 citiam
327 1509 531 1608 sceptrigeri
540 1511 714 1609 principis
723 1511 879 1609 expetiit,
895 1525 931 1582 et
943 1508 1126 1584 obtentam
1139 1535 1252 1607 usque

192 1623 242 1697 ad
257 1639 429 1715 mortem,
449 1625 611 1723 quaesibi
633 1628 794 1725 proxima
813 1642 905 1717 erat,
928 1626 1078 1699 fideliter
1097 1643 1133 1698 et
1154 1651 1253 1699 com·
1336 1659 1340 1667 κ

193 1739 305 1812 mode
320 1741 482 1813 servavit.
504 1741 625 1813 Plures
638 1743 713 1838 ejus
726 1741 930 1840 exemplum
943 1741 1129 1815 salubriter
1144 1744 1255 1815 secuti

193 1870 290 1928 sant.

214 1996 217 2001 ·
242 1969 421 2043 Amalrico
449 1996 595 2070 quoque
619 1996 680 2045 rex
706 1971 890 2045 mandavit
915 1988 955 2044 ut
978 1997 1098 2044 secum
1128 1996 1250 2070 pacem

195 2083 340 2175 faceret,
351 2101 401 2176 et,
411 2110 493 2158 arce
502 2086 569 2158 sibi
581 2087 733 2175 reddita,
748 2112 896 2160 omnem
907 2089 1117 2160 comitatum
1131 2087 1253 2159 111)τοί-

194 2224 338 2275 oensem
352 2204 472 2300 quiete
482 2203 668 2302 reciperet.
683 2207 726 2274 tt
738 2203 809 2295 ille,
825 2205 907 2302 quia
919 2205 1130 2301 irrequietus
1141 2202 1253 2274 horno

195 2314 289 2407 erat,
310 2317 439 2390 stolide
456 2321 590 2417 respuit
607 2318 707 2417 quod
729 2319 822 2391 ultro
842 2319 950 2417 regali
972 2319 1132 2392 bonitate
1155 2318 1254 2391 obla-

194 2445 271 2505 tum
288 2432 415 2525 liserat,
435 2449 482 2523 et,
505 2435 588 2531 quia
605 2435 777 2531 majorem
793 2434 878 2507 belli
895 2459 1040 2508 causam
1056 2459 1123 2532 pro
1136 2432 1253 2504 ablata

194 2545 262 2621 sibi
290 2564 435 2646 patrum
463 2546 658 2620 hereditate
687 2547 860 2638 babebat,
890 2547 1040 2620 anhelus
1067 2571 1160 2644 saepe
1189 2568 1253 2642 per

192 2661 331 2762 oppida
351 2662 516 2735 noctibus
535 2661 772 2752 discurrebat,
790 2663 904 2733 nimia
921 2659 1159 2732 sollicitudine
1176 2682 1253 2730 om·

189 2800 260 2849 nes
289 2800 544 2864 commovens,
573 2777 763 2850 loederatos
788 2776 928 2850 sodales
955 2775 1195 2848 corroborans
1219 2790 1254 2847 et

189 2915 433 2966 commonens
452 2909 492 2966 ut
509 2894 726 2966 munitiones
742 2917 823 2965 suas
838 2892 988 2966 solerter
1002 2906 1196 2980 servarent,
1215 2905 1255 2962 ut

187 3009 383 3108 pervigiles
398 3024 524 3081 contra
540 3010 743 3105 ingeniosos
760 3008 1001 3106 exploratores
1019 3006 1252 3094 excubarent,

185 3122 393 3221 prudenter
410 3139 446 3197 et
463 3126 612 3223 impigre
628 3124 759 3197 vicinia
776 3124 1033 3222 inquietarent,
1055 3123 1176 3195 omnia
1195 3147 1254 3193 ex-

190 3365 220 3411 t.
233 3356 278 3424 Il,
297 3375 326 3430 p.
340 3358 405 3428 38),
422 3357 472 3430 qui
487 3355 633 3412 vendirent
647 3360 662 3411 a
676 3356 765 3412 l’abbe
780 3355 909 3424 Tbierri,
925 3373 987 3410 vers
1003 3358 1088 3426 1050,
1104 3352 1208 3428 l'eglise
1221 3352 1257 3407 de

194 3443 521 3500 Nenenene-dalion.

232 3530 360 3586 Richard
370 3533 483 3588 Fresnel
497 3533 589 3589 devnit
599 3535 659 3590 etse
672 3533 714 3588 fita
726 3532 761 3587 de
774 3531 832 3585 l’un
846 3530 881 3586 de
893 3548 939 3585 ces
950 3531 1023 3586 deux
1033 3547 1228 3604 personnagea.

233 3618 283 3677 On
296 3620 355 3676 voit
368 3621 472 3694 figures
484 3621 553 3679 dans
563 3641 621 3679 une
631 3623 726 3678 charte
738 3621 774 3678 de
787 3625 867 3689 1001,
882 3621 995 3678 relative
1007 3625 1021 3678 1
1033 3623 1060 3677 la
1071 3621 1204 3677 donation
1220 3618 1258 3673 du

197 3708 313 3780 prieurs
321 3707 355 3763 de
364 3709 465 3764 Bolbec
477 3713 491 3764 a
503 3710 627 3784 l'abbaye
637 3710 673 3766 de
684 3710 795 3780 liemai,
807 3727 846 3764 un
858 3709 984 3767 Richard
991 3708 1116 3780 Fresnel,
1129 3709 1259 3782 seigneur

199 3795 235 3851 de
247 3795 363 3869 Bolbee,
375 3815 430 3871 que
442 3816 512 3853 nous
524 3798 675 3873 regardons
689 3800 937 3872 commeenanger
947 3797 963 3855 1
974 3799 1000 3855 la
1011 3796 1116 3855 lamille
1127 3797 1177 3870 qni
1190 3812 1260 3850 nous

199 3901 316 3958 scrupe.

234 3974 275 4047 (t)
293 3974 402 4030 Robert
418 3977 517 4048 d'lvri,
537 3976 579 4031 fils
592 3978 655 4033 aine
672 3977 811 4033 d'Asoelin
824 3977 913 4044 Geel,
933 3977 1062 4049 seigneur
1080 3974 1165 4029 d’lvri
1182 3982 1210 4026 et
1225 3971 1260 4026 de

201 4060 306 4118 Breval.
321 4064 397 4120 Nous
411 4084 494 4121 avons
507 4065 569 4138 dtjt
581 4086 615 4121 vu
628 4080 661 4122 ce
670 4085 843 4141 personnage
855 4066 1003 4133 cidessus,
1019 4075 1040 4120 t.
1055 4065 1099 4134 11,
1112 4082 1140 4136 p.
1156 4064 1217 4119 101.
