3178 5052
185 505 388 588 [nol-1102]
551 503 668 566 nmen
689 503 874 564 anemos.
1178 507 1232 568 121

185 651 283 709 runt.
302 638 343 709 ln
361 634 604 710 conciliabulis
620 637 741 734 itaque
757 637 829 708 suis
843 636 1062 709 imminentia
1077 660 1240 734 perscru-

183 751 371 841 tabantur,
398 764 435 822 et
463 752 514 823 sio
541 751 693 823 vicissim
719 751 956 848 loquebantur
985 778 994 822 z
1022 755 1101 822 Hue
1130 775 1238 848 usque

182 867 299 960 securi
309 864 464 962 surinus,
493 867 576 963 quia
602 868 695 936 inter
705 864 848 962 fratres
868 867 1075 937 commorati
1093 891 1234 953 sumus,

183 1007 334 1080 quorum
360 1005 475 1051 mores
503 996 541 1052 et
564 980 739 1078 loquelam
763 983 930 1053 novimus.
963 987 1071 1068 Nam,
1101 1005 1147 1050 ee
1168 1005 1236 1078 quo

182 1095 227 1166 de
242 1093 375 1166 lari'bus
389 1097 519 1166 nostris
535 1098 666 1194 egressi
679 1121 810 1182 sumar,
831 1121 938 1194 usque
954 1121 1059 1183 nunc,
1080 1121 1103 1164 a
1120 1094 1237 1164 Cirris·

184 1213 291 1282 uanis
309 1234 381 1307 pro
413 1234 534 1281 amore
563 1214 694 1282 summi
723 1211 843 1282 Patris
870 1208 1064 1308 benigniter
1088 1209 1240 1304 suseepti

182 1353 314 1401 sumus.
331 1327 468 1399 Amodo
484 1327 581 1400 nobis
595 1331 669 1401 alia
683 1326 834 1400 conditio
850 1325 1027 1398 incumbit.
1048 1331 1148 1397 Inter
1164 1329 1236 1395 Im·

176 1458 383 1539 peratorem
405 1457 441 1512 et
462 1443 726 1530 Buanmndum,
753 1446 817 1542 qui
829 1440 995 1540 proesriiet
1018 1440 1232 1527 Antiochiae,

183 1559 386 1630 immaniter
400 1562 545 1631 seviunt
563 1559 732 1632 bellorum
753 1573 972 1656 tempestates
988 1559 1232 1655 permaximae.

182 1675 352 1771 Regnones
365 1699 436 1770 per
452 1699 540 1772 quas
568 1677 655 1747 ituri
673 1699 814 1763 sumus,
839 1672 979 1745 inculte
998 1687 1099 1760 suat,
1123 1685 1158 1742 et
1168 1695 1237 1767 per

181 1785 264 1858 illas
277 1813 386 1886 toque
404 1787 454 1858 ad
468 1814 568 1860 mare
587 1793 693 1861 Tarsi
694 1789 907 1888 frequenter
921 1786 1135 1874 discurrunt,
1151 1787 1215 1883 qui
1222 1839 1232 1868 ,

180 1902 272 1974 st‘eut
297 1902 374 1999 lupi
397 1904 612 1975 naturaliter
640 1907 848 2004 sanguinem
873 1905 987 1974 ouium
1014 1903 1155 1985 sitiunt,
1184 1900 1237 1970 sic

181 2040 285 2088 omne
303 2017 582 2090 Christianorum
592 2043 704 2118 genus
721 2020 922 2090 interimere
933 2019 1096 2117 gestiunt.
1114 2017 1236 2088 Omni·

176 2145 356 2226 potentem
373 2137 506 2223 Deum,
524 2148 564 2205 ut
580 2158 643 2204 nos
653 2149 839 2232 protegat,
854 2133 1061 2230 suppliciter
1077 2129 1236 2227 deprece-

181 2269 280 2332 mur,
307 2249 392 2344 quia
421 2249 526 2320 variis
548 2246 805 2321 docrinn'nrltu
828 2247 981 2346 undique
1007 2245 1238 2319 includimur,

180 2359 270 2430 Ecce
287 2359 437 2451 infidum
450 2366 706 2459 Imperatorem
723 2387 802 2434 cum
818 2362 961 2459 populis
980 2363 1054 2434 suis
1063 2374 1149 2458 post
1169 2375 1237 2436 ter-

177 2495 262 2570 gum
285 2472 497 2566 damnantia,
518 2501 605 2576 quos
631 2477 846 2549 uehementer
863 2491 1039 2573 suspectos
1056 2474 1232 2548 lrabemm.

180 2585 242 2657 Ad
269 2585 434 2660 dextram
461 2606 517 2662 est
535 2616 654 2683 mare,
684 2595 723 2663 in
747 2618 816 2691 quo
851 2595 956 2664 Creta
980 2608 1015 2663 et
1038 2594 1176 2688 Cyprus
1200 2607 1238 2663 et

180 2701 281 2774 clara
299 2703 439 2780 Rhodiis
449 2759 459 2793 ,
479 2705 626 2806 alteque
642 2707 761 2781 multe
772 2708 1008 2796 suntinsuloe,
1026 2733 1103 2806 que
1115 2731 1236 2778 omnes

180 2821 397 2916 Imperatori
417 2819 617 2920 subjacent,
647 2840 699 2914 et,
721 2849 794 2922 pro
819 2823 1016 2920 malefactis
1040 2837 1240 2892 nostratum

180 2936 244 3031 qui
257 2954 529 3032 praecesserunt,
550 2963 614 3010 nos
633 2938 711 3010 odio
731 2938 869 3012 liabent.
897 2936 959 3010 Ad
975 2939 1156 3010 Orientem
1184 2934 1239 3006 rel

81 3039 86 3050 ’
180 3047 231 3119 ad
245 3051 476 3149 Aquilonem,
498 3053 656 3128 barbare
675 3073 796 3155 gentes
813 3055 931 3127 orbem
953 3079 1059 3152 usque
1077 3052 1236 3144 adfines

181 3179 283 3236 terre
292 3165 484 3262 possident,
506 3195 583 3268 quae
597 3170 878 3242 Christianorum
892 3172 1100 3269 sanguinem
1117 3166 1235 3265 effun-

179 3277 262 3350 dere
287 3281 532 3354 r'ruatiabiliter
553 3282 692 3357 ardent.
718 3290 790 3357 Per
817 3286 949 3358 inculta
970 3285 1046 3357 loca
1069 3285 1235 3383 usquein

182 3396 403 3468 Antiochiam
422 3400 490 3470 iter
501 3416 553 3472 est
565 3400 652 3498 plus
669 3426 775 3499 quarn
797 3428 868 3473 xxx
885 3401 1039 3491 dieram,
1060 3399 1119 3472 ubi
1138 3397 1236 3471 nobis

178 3532 282 3580 omne
302 3508 399 3584 deest
415 3539 527 3612 genus
549 3515 818 3605 elimatorum,
841 3519 925 3616 qaia
950 3518 1106 3616 regiones
1131 3513 1235 3584 alnae

176 3620 342 3696 desolate
354 3643 441 3698 sunt
451 3655 519 3726 per
532 3655 716 3728 guerram,
740 3656 817 3729 quer
833 3631 976 3729 jamdiu
992 3629 1133 3701 duravit
1142 3631 1236 3700 inter

178 3739 434 3835 Imperatorem
457 3758 492 3813 et
515 3745 777 3818 Buamundum.
810 3747 907 3840 Quid
932 3749 971 3817 in
995 3760 1047 3820 tot
1066 3743 1235 3842 perieulis

164 3851 371 3948 foetemus?
390 3857 550 3957 Undique
573 3859 723 3934 desolati
740 3887 871 3935 sumus.

224 3973 388 4072 Denique
406 3974 460 4072 (l)
477 3975 701 4050 diversorum
719 3980 901 4053 sententiis
922 3977 1162 4076 multiplieiter
1177 3976 1232 4046 in·

210 4225 258 4295 (l).
273 4225 347 4281 C’est
361 4226 397 4281 ici
410 4243 465 4300 que
476 4240 668 4286 eornmenoent
679 4228 718 4286 les
730 4229 812 4286 re'cits
823 4229 962 4286 Iubaleni.
