2888 4934
193 431 304 506 [ross]
475 465 477 470 .
563 416 680 489 ntum
701 415 888 492 uucmus.
1213 435 1252 495 37

246 565 295 632 Ea
323 575 617 660 tempestateque
636 563 834 635 Rodbcrtus
855 564 926 636 dux
951 565 1048 637 lrntri
1070 591 1136 638 suo
1162 573 1252 640 Nor·

196 679 379 750 manniam
407 678 604 766 commisit,
635 695 670 751 et
691 679 737 751 ab
765 704 809 751 eo
834 704 1000 779 magnam
1027 684 1161 778 argenti
1186 708 1254 756 co·

195 795 313 892 pium,
331 792 378 864 ad
391 792 606 891 explendum
624 795 690 866 iter
703 794 748 866 ad
763 795 990 894 sepulchrum
1005 797 1105 893 Regis
1121 800 1251 890 nostri,

196 910 349 1008 recepit,
375 908 492 981 Helias
517 933 638 982 comes
657 911 711 982 ed
737 913 872 982 curium
901 911 990 1008 regis
1016 915 1253 1011 Rotomagum

196 1028 306 1098 venit.
320 1026 404 1115 Qui,
416 1041 606 1124 postquam
619 1026 680 1098 diu
695 1052 777 1099 cum
790 1029 881 1100 duce
895 1027 1098 1100 consiliatus
1113 1030 1190 1119 fuit,
1209 1031 1255 1103 ad

196 1166 317 1238 regem
334 1140 492 1229 accessit,
508 1141 611 1238 eique
624 1142 804 1214 humiliter
817 1143 905 1215 dixit
920 1170 927 1213 :
947 1147 1099 1214 Domine
1111 1147 1163 1215 mi
1174 1172 1250 1233 rex,

192 1255 343 1328 consilio
359 1262 468 1355 Papae
482 1281 619 1329 crucem
637 1262 785 1329 Domini
793 1284 863 1357 pro
875 1262 1015 1331 servitio
1031 1260 1108 1358 ejus
1120 1265 1249 1359 accepi,

195 1388 234 1443 et
253 1375 321 1443 iter
345 1376 384 1443 in
410 1373 604 1446 Ierusalem
625 1399 704 1445 cuns
726 1376 846 1449 multis
868 1375 1036 1449 nobilibus
1056 1381 1256 1478 peregrinis

195 1491 351 1560 Domino
367 1494 442 1560 Deo
458 1489 586 1562 devovi.
608 1495 825 1582 Amicitiam,
843 1507 882 1563 ut
897 1508 1005 1564 vester
1018 1491 1159 1585 fidelis,
1184 1520 1254 1565 ves·

192 1619 292 1673 aem
309 1603 471 1702 deposco,
492 1621 528 1676 et
541 1605 605 1676 boc
621 1608 689 1678 iter
704 1633 783 1678 cam
796 1632 887 1704 paee
903 1624 1016 1679 vestra
1032 1610 1124 1677 inire
1138 1611 1252 1704 cupro.

196 1719 393 1816 Respondit
411 1720 443 1792 ei
465 1744 526 1791 rex
552 1748 560 1790 :
584 1725 662 1812 Quo
683 1726 733 1794 vis
750 1721 855 1811 vade,
880 1722 944 1792 sed
959 1726 1255 1795 Cenomannicam

196 1833 316 1905 urbem
333 1860 411 1906 cum
429 1851 499 1906 toto
518 1839 685 1908 comitatu
707 1838 797 1909 nulii
816 1835 969 1922 dimitte,
990 1840 1073 1936 quia
1093 1838 1259 1936 quicquid

191 1966 299 2047 pater
307 1976 406 2022 meus
413 1949 543 2038 babuit,
555 1950 630 2023 volo
637 1951 774 2022 lmbere.
788 1951 905 2025 Helias
913 1951 1001 2023 dixit
1012 1981 1019 2022 :
1033 1951 1256 2024 Hereditario

187 2064 275 2161 jure
299 2064 519 2137 consulatum
545 2090 690 2137 avorum
717 2090 875 2137 meorum
895 2063 1083 2163 possiden,
1115 2072 1256 2166 Deoque

188 2181 338 2281 juvante
356 2180 475 2253 aberis
490 2184 578 2252 meis
587 2180 763 2253 demittam
776 2179 922 2254 liberum
931 2185 1024 2253 sicut
1035 2207 1129 2253 nunc
1140 2174 1250 2268 teneo,

194 2300 245 2366 Et
258 2298 294 2367 si
299 2295 479 2393 placitare
500 2299 562 2384 vis,
583 2293 758 2394 judicium
771 2312 958 2395 gratanter
978 2294 1107 2384 subibo,
1134 2311 1171 2366 et
1185 2324 1254 2393 pcr-

196 2411 305 2485 trium
315 2410 400 2506 jus,
424 2408 614 2481 secundiori
633 2435 784 2482 examen
808 2437 946 2511 regum,
970 2415 1202 2510 comitumque
1221 2429 1255 2484 et

191 2527 447 2623 episcoporum,
461 2523 616 2623 perdam
630 2541 693 2597 aut
709 2525 840 2598 tenebo.
861 2526 1056 2624 Respondit
1073 2551 1133 2597 rex
1155 2553 1163 2596 :
1181 2529 1254 2597 Ea·

192 2639 288 2712 sibus
306 2655 345 2711 et
359 2639 507 2730 haesis,
530 2643 791 2741 innumerisque
807 2641 995 2715 missilibus
1012 2658 1124 2713 tecum
1136 2640 1252 2738 plemi-

195 2755 286 2829 tabo.
306 2756 423 2828 Helias
435 2755 543 2828 dixit:
563 2760 697 2829 Contra
709 2757 875 2830 Etbnr'cos
893 2761 931 2828 in
951 2759 1092 2827 nomine
1109 2759 1258 2827 Domini

194 2873 366 2944 dimicare
395 2871 571 2961 volebam;
597 2874 662 2945 sed
683 2899 759 2945 ecce
788 2898 882 2945 nunc
907 2873 1106 2942 viciniorem
1130 2887 1254 2943 contra

195 2990 357 3059 inimicos
380 2987 513 3059 Christi
540 2991 676 3086 reperio
697 3013 872 3087 pugnam.
904 2988 1030 3058 Omnis
1056 2988 1163 3070 enim,
1193 2990 1257 3084 qui

196 3107 337 3176 veritati
350 3106 492 3194 resistit,
496 3104 723 3203 justitioeque,
739 3104 902 3175 im'micus
914 3099 1159 3199 comprobatur
1170 3106 1251 3193 Dei,

195 3224 258 3318 qui
280 3245 362 3291 vera
381 3222 507 3290 veritas
524 3235 594 3311 est,
620 3235 655 3291 et
677 3218 734 3290 sol
747 3219 910 3316 justitie.
934 3222 1014 3314 lpse
1036 3216 1125 3287 mibi
1146 3219 1254 3287 Ceno·

195 3360 410 3407 marinorum
428 3337 703 3432 preposituram
725 3333 889 3432 &griano
910 3349 965 3405 est
982 3331 1251 3421 commendare,

193 3475 315 3549 quam,
330 3449 455 3547 eliqua
467 3474 551 3521 usus
563 3449 711 3537 levitate,
727 3473 799 3521 non
812 3446 915 3519 debeo
927 3450 1134 3545 insipienter
1146 3447 1255 3518 relin-

194 3590 315 3663 quere,
334 3589 379 3635 ne
385 3563 542 3663 populus
556 3567 627 3636 Dei
633 3562 857 3662 predonibus
873 3561 1047 3648 tradem,
1067 3564 1158 3633 sicut
1178 3587 1256 3633 aves

197 3680 290 3779 lupis
315 3678 444 3780 absque
462 3696 620 3777 pastore.
653 3680 847 3752 Consilium
877 3703 976 3765 vero,
1007 3675 1102 3777 quod
1121 3675 1256 3748 coettna

195 3798 374 3894 inspirata
391 3799 536 3893 concepi
548 3811 675 3888 mente,
695 3797 851 3867 universi
867 3795 1064 3891 optimates,
1079 3795 1144 3891 qui
1160 3807 1256 3863 asta-

196 3914 255 4001 tis,
265 3909 394 4007 palam
410 3910 551 3982 audite:
566 3914 713 3983 Crucem
727 3909 922 3981 Salvatorir
937 3911 1062 3996 nostri,
1078 3933 1149 4006 qua
1160 3931 1258 3978 more

189 4029 378 4124 peregrini
389 4029 548 4123 signatus
565 4051 656 4116 sum
677 4051 749 4097 non
766 4024 966 4122 relinquam
973 4055 987 4110 ;
1001 4021 1066 4094 sed
1080 4024 1119 4092 in
1135 4021 1256 4117 clypeo
1359 4047 1360 4051 ¹

196 4163 286 4227 meo,
293 4139 728 4239 galeaque,etin0mntbta
734 4134 1259 4232 armismerseamdemfaciam,
