3178 5052
194 453 302 528 [ιιοη
562 449 884 524 rrannnncrnus.
1194 459 1252 520 ns

194 581 292 680 quod
304 583 460 681 quisquis
472 581 651 656 domenum
661 607 762 654 sturm
776 585 815 652 r'n
826 584 948 654 mortis
957 584 1118 680 periculo
1129 603 1254 684 sponte

196 693 339 786 deserit,
360 696 540 796 alvumque
550 724 622 796 pro
635 696 800 770 eruditore
816 697 908 768 lucri
919 701 1065 796 oppetit,
1083 727 1145 772 seu
1162 703 1256 774 mitt-

198 827 275 883 tore
291 815 483 900 servirem,
509 814 603 912 qood
621 813 714 886 ultro
726 837 796 911 pro
816 811 1017 910 defensione
1038 819 1140 915 regui
1157 818 1255 890 exbi-

197 925 277 998 bere
292 925 405 1012 debet,
423 931 499 1028 regi
511 955 575 1000 suo
593 928 712 1000 renale
718 927 828 1024 fucit,
846 953 992 1026 eumque
1003 932 1161 1027 propriis
1175 958 1256 1030 spo·

198 1041 289 1112 liare
305 1040 469 1114 dominiis
491 1043 684 1132 contendit,
702 1041 840 1142 judicto
863 1045 1010 1115 rotronis
1027 1061 1064 1118 et
1081 1048 1256 1144 equitetis

198 1174 241 1229 ut
251 1157 415 1255 proditor
429 1158 658 1257 judicabitur,
682 1175 733 1247 et,
761 1157 981 1230 hereditariis
1006 1159 1107 1234 rebus
1131 1164 1256 1234 merito

199 1270 367 1358 nudatus,
391 1274 545 1344 extorris·
568 1271 782 1372 effugabitur
799 1272 866 1370 (l).
887 1273 1047 1346 Universi
1068 1275 1266 1372 optimates*

198 1385 353 1458 Henrico
382 1387 455 1483 regi
482 1388 682 1460 assistentes
714 1387 821 1460 verba
850 1387 1005 1459 consulis
1030 1387 1256 1461 collaudave-

197 1516 305 1590 runt,
325 1516 362 1574 et
382 1527 502 1599 regem
524 1515 562 1574 ut
584 1503 729 1574 monitis
746 1502 822 1598 ejus
843 1501 1105 1575 obsecundaret
1126 1502 1256 1592 cobor-

198 1616 262 1687 tati
287 1631 383 1688 sunt.
412 1617 473 1688 lllc
506 1641 605 1708 vero,
635 1617 807 1716 sapientia
839 1617 1053 1715 precellens,
1085 1617 1258 1690 benivolis
1366 1634 1368 1639 ’

198 1729 417 1802 auriculariis
442 1732 571 1828 gratias
588 1732 680 1828 egit,
706 1755 903 1828 eorumque
919 1730 1120 1803 salubribus
1138 1729 1259 1806 borta-

199 1846 328 1917 mentis
345 1844 496 1918 libenter
514 1846 714 1945 adquievit,
741 1844 949 1944 pluresque,
965 1871 1057 1944 quos
1075 1861 1258 1946 suspectos

197 1957 375 2050 babebat,
414 1961 597 2059 promissis
631 1974 667 2034 et
701 1961 909 2033 muneribus
942 1959 1009 2032 sibi
1041 1961 1256 2034 conciliavit.

198 2073 357 2147 Tandem
374 2099 457 2147 cum
475 2075 611 2173 ingenti
626 2075 783 2147 exercitu
800 2075 942 2147 obviam
956 2075 1055 2148 fratri
1070 2077 1255 2174 processit,

198 2202 235 2259 et
258 2187 393 2286 legatos
426 2189 576 2279 direxit,
606 2215 670 2288 per
698 2215 790 2288 quos
815 2189 966 2263 sollicite
986 2191 1169 2289 inquisivit
1194 2216 1259 2264 cur

199 2303 331 2398 engliae
346 2302 435 2376 fines
453 2329 536 2378 cum
552 2320 690 2378 armato
708 2307 864 2378 exercitu
881 2306 1012 2379 intrare
1026 2331 1259 2406 presumpse-

199 2420 257 2491 rit.
286 2420 487 2494 Rodbertus
513 2436 633 2494 autem
660 2421 734 2494 dux
762 2446 827 2522 per
853 2447 938 2494 suos
965 2423 1189 2521 responsales
1210 2423 1259 2496 ita

199 2533 340 2606 locutus
361 2551 438 2608 est:
457 2539 617 2634 Regulam
629 2537 751 2634 petrei·
768 2538 840 2607 orei
856 2560 936 2608 own
948 2535 1154 2634 proceribus
1171 2539 1260 2608 mets

197 2652 377 2751 ingressus
398 2677 501 2743 sum,
532 2669 569 2724 et
592 2651 686 2724 illud
706 2677 861 2749 reposco,
890 2649 1043 2725 debitum
1069 2651 1160 2723 milri
1171 2651 1260 2748 jure

193 2769 529 2865 primogenitorum.

248 2885 288 2954 ln
307 2880 464 2980 quadam
490 2881 642 2982 planicie
667 2883 722 2980 (2)
747 2882 822 2954 duo
850 2884 1009 2980 germani
1030 2904 1096 2980 per
1124 2879 1260 2978 aliquot

199 2995 277 3068 dies
291 2998 533 3094 perstitemnt‚
551 2997 688 3094 sibique
703 3012 830 3069 mutuo
846 2995 985 3068 nobiles
998 2995 1151 3068 nuncios
1167 3019 1260 3093 quo·

201 3108 287 3182 tidie
296 3111 480 3183 miserunt.
495 3110 661 3184 Seditiosi
672 3110 875 3211 proditores
885 3110 998 3208 magis
1007 3109 1142 3183 bellum
1150 3135 1260 3209 quam

201 3249 326 3326 paoem
349 3225 533 3324 optabant.
558 3231 603 3298 Et
618 3226 703 3324 quia
721 3225 803 3324 plus
818 3226 963 3324 privatae
978 3250 1087 3324 quam
1108 3225 1260 3326 publicae

234 3473 275 3544 (l)
292 3473 332 3530 Ce
345 3471 481 3540 discours,
493 3472 564 3530 dont
575 3491 647 3529 nous
658 3491 777 3529 somnies
789 3472 848 3528 loin
860 3471 896 3528 de
910 3471 1033 3546 garantir
1048 3470 1262 3542 l’authenticite,

199 3569 242 3614 est
255 3559 294 3614 du
310 3569 384 3614 reste
399 3568 462 3614 tout
478 3563 493 3614 l
510 3559 561 3615 tait
574 3578 610 3614 en
628 3560 776 3615 hermonis
789 3577 852 3614 avec
864 3577 895 3614 ce
907 3558 993 3634 qu’on
1005 3557 1057 3613 sait
1069 3556 1105 3613 de
1115 3557 1141 3612 la
1154 3555 1264 3629 loyaut&

200 3645 396 3703 immiscere
410 3646 446 3702 de
458 3647 565 3703 llobert
577 3648 613 3703 de
625 3645 736 3704 Meulan
750 3659 780 3704 et
793 3647 828 3703 de
839 3666 890 3704 son
902 3647 1057 3704 souverain.

237 3733 278 3808 (2)
287 3749 288 3754 ’
297 3733 414 3790 Suivant
424 3733 564 3790 l’autorite
577 3734 819 3791 tres-contestable
832 3735 869 3790 de
881 3735 984 3804 Waoe,
999 3733 1039 3790 les
1050 3733 1123 3790 deux
1135 3734 1222 3789 ireres
1233 3750 1263 3788 re

201 3823 322 3877 uenient
336 3825 498 3879 rencontres
509 3823 578 3878 dans
590 3841 629 3878 un
643 3841 709 3896 pays
723 3822 758 3878 de
770 3822 856 3879 forits
872 3825 985 3878 nomme
998 3821 1128 3878 llantone
1143 3821 1261 3894 [Hamp-

200 3919 266 3976 ton,
287 3909 499 3983 probablement
517 3913 743 3986 Hamptoncourt
760 3913 828 3967 dans
846 3911 873 3967 le
891 3911 983 3966 comte
1002 3909 1037 3966 de
1055 3907 1223 3980 Middlesex,
1246 3911 1261 3964 l

201 3997 290 4055 doure
303 3999 393 4064 milles
404 3998 440 4056 de
456 4001 600 4072 Londres).
614 4000 722 4056 liobert
734 4018 763 4055 se
775 4001 860 4056 serait
872 3998 965 4071 dirige
979 3997 1014 4052 tle
1030 4015 1062 4053 ce
1077 3995 1140 4054 cbte
1154 4015 1190 4052 en
1208 4013 1262 4069 rp-

200 4097 391 4160 prematque
406 4086 432 4142 la
447 4086 539 4155 reine,
553 4104 582 4142 ra
594 4085 769 4158 belleeoeur,
785 4087 852 4142 erait
869 4103 904 4144 eu
919 4084 1025 4140 conche
1043 4083 1260 4150 lWincherter,

200 4175 252 4230 bnt
266 4175 390 4248 primittt
400 4174 435 4230 de
448 4193 498 4230 son
510 4175 678 4248 expedition.

277 4288 329 4335 rv.
1116 4267 1140 4333 8
