<?xml version="1.0" encoding="UTF-8"?>
<!DOCTYPE html PUBLIC "-//W3C//DTD XHTML 1.0 Transitional//EN"
    "http://www.w3.org/TR/xhtml1/DTD/xhtml1-transitional.dtd">
<html xmlns="http://www.w3.org/1999/xhtml" xml:lang="en" lang="en">
 <head>
  <title>
</title>
<meta http-equiv="Content-Type" content="text/html;charset=utf-8" />
  <meta name='ocr-system' content='tesseract 3.04.00' />
  <meta name='ocr-capabilities' content='ocr_page ocr_carea ocr_par ocr_line ocrx_word'/>
</head>
<body>
  <div class='ocr_page' id='page_1' title='image "./ordericivitalis07deligoog/ordericivitalis07deligoog_0383.png"; bbox 0 0 3140 5076; ppageno 0'>
   <div class='ocr_carea' id='block_1_1' title="bbox 357 526 1413 610">
    <p class='ocr_par' dir='ltr' id='par_1_1' title="bbox 357 526 1413 610">
     <span class='ocr_line' id='line_1_1' title="bbox 357 526 1413 610; baseline 0.001 -20"><span class='ocrx_word' id='word_1_1' title='bbox 357 532 417 590; x_wconf 75' lang='lat' dir='ltr'><strong>ero</strong></span> <span class='ocrx_word' id='word_1_2' title='bbox 630 527 812 588; x_wconf 76' lang='lat' dir='ltr'><strong>ursacius</strong></span> <span class='ocrx_word' id='word_1_3' title='bbox 835 526 1141 588; x_wconf 69' lang='lat' dir='ltr'><strong>secessissent.</strong></span> <span class='ocrx_word' id='word_1_4' title='bbox 1305 531 1413 610; x_wconf 77' lang='lat' dir='ltr'><strong>[rue]</strong></span> 
     </span>
    </p>
   </div>
   <div class='ocr_carea' id='block_1_2' title="bbox 347 657 1415 3636">
    <p class='ocr_par' dir='ltr' id='par_1_2' title="bbox 354 657 1415 1450">
     <span class='ocr_line' id='line_1_2' title="bbox 359 657 1415 758; baseline 0 -26"><span class='ocrx_word' id='word_1_5' title='bbox 359 663 517 732; x_wconf 83' lang='lat' dir='ltr'><strong>Neustria</strong></span> <span class='ocrx_word' id='word_1_6' title='bbox 540 657 732 758; x_wconf 89' lang='lat' dir='ltr'><strong>pertulerit.</strong></span> <span class='ocrx_word' id='word_1_7' title='bbox 761 657 933 730; x_wconf 84' lang='lat' dir='ltr'><strong>Henrictts</strong></span> <span class='ocrx_word' id='word_1_8' title='bbox 957 672 1077 732; x_wconf 90' lang='lat' dir='ltr'><strong>autem</strong></span> <span class='ocrx_word' id='word_1_9' title='bbox 1102 683 1182 749; x_wconf 84' lang='lat' dir='ltr'><strong>res,</strong></span> <span class='ocrx_word' id='word_1_10' title='bbox 1213 660 1298 757; x_wconf 87' lang='lat' dir='ltr'><strong>quia</strong></span> <span class='ocrx_word' id='word_1_11' title='bbox 1320 661 1415 758; x_wconf 79' lang='lat' dir='ltr'><strong>pacis</strong></span> 
     </span>
     <span class='ocr_line' id='line_1_3' title="bbox 357 771 1414 874; baseline -0.001 -27"><span class='ocrx_word' id='word_1_12' title='bbox 357 789 498 848; x_wconf 86' lang='lat' dir='ltr'><strong>amator</strong></span> <span class='ocrx_word' id='word_1_13' title='bbox 512 789 605 864; x_wconf 84' lang='lat' dir='ltr'><strong>erat,</strong></span> <span class='ocrx_word' id='word_1_14' title='bbox 624 773 768 846; x_wconf 75' lang='lat' dir='ltr'><strong>feliciter</strong></span> <span class='ocrx_word' id='word_1_15' title='bbox 786 771 961 863; x_wconf 81' lang='lat' dir='ltr'><strong>effloruit3</strong></span> <span class='ocrx_word' id='word_1_16' title='bbox 981 797 1138 872; x_wconf 85' lang='lat' dir='ltr'><strong>proquo</strong></span> <span class='ocrx_word' id='word_1_17' title='bbox 1154 773 1414 874; x_wconf 75' lang='lat' dir='ltr'><strong>supplicantem</strong></span> 
     </span>
     <span class='ocr_line' id='line_1_4' title="bbox 358 886 1414 978; baseline 0.001 -16"><span class='ocrx_word' id='word_1_18' title='bbox 358 891 548 964; x_wconf 81' lang='lat' dir='ltr'><strong>Ecclesiam</strong></span> <span class='ocrx_word' id='word_1_19' title='bbox 566 894 662 963; x_wconf 89' lang='lat' dir='ltr'><strong>Deus</strong></span> <span class='ocrx_word' id='word_1_20' title='bbox 680 886 871 962; x_wconf 86' lang='lat' dir='ltr'><strong>clementer</strong></span> <span class='ocrx_word' id='word_1_21' title='bbox 888 889 1085 978; x_wconf 74' lang='lat' dir='ltr'>exaudivit,</span> <span class='ocrx_word' id='word_1_22' title='bbox 1106 905 1141 962; x_wconf 88' lang='lat' dir='ltr'><strong>et</strong></span> <span class='ocrx_word' id='word_1_23' title='bbox 1158 890 1301 962; x_wconf 84' lang='lat' dir='ltr'><strong>crebras</strong></span> <span class='ocrx_word' id='word_1_24' title='bbox 1318 892 1353 963; x_wconf 90' lang='lat' dir='ltr'><strong>ei</strong></span> <span class='ocrx_word' id='word_1_25' title='bbox 1370 891 1414 964; x_wconf 91' lang='lat' dir='ltr'><strong>de</strong></span> 
     </span>
     <span class='ocr_line' id='line_1_5' title="bbox 355 1003 1412 1103; baseline 0.001 -27"><span class='ocrx_word' id='word_1_26' title='bbox 355 1006 507 1078; x_wconf 90' lang='lat' dir='ltr'><strong>inimicis</strong></span> <span class='ocrx_word' id='word_1_27' title='bbox 530 1004 690 1076; x_wconf 86' lang='lat' dir='ltr'><strong>victorias</strong></span> <span class='ocrx_word' id='word_1_28' title='bbox 713 1003 771 1100; x_wconf 88' lang='lat' dir='ltr'><strong>pie</strong></span> <span class='ocrx_word' id='word_1_29' title='bbox 795 1004 958 1076; x_wconf 88' lang='lat' dir='ltr'><strong>contulit.</strong></span> <span class='ocrx_word' id='word_1_30' title='bbox 986 1003 1155 1078; x_wconf 80' lang='lat' dir='ltr'><strong>Rediriva</strong></span> <span class='ocrx_word' id='word_1_31' title='bbox 1177 1006 1412 1103; x_wconf 78' lang='lat' dir='ltr'><strong>prosperitas,</strong></span> 
     </span>
     <span class='ocr_line' id='line_1_6' title="bbox 356 1118 1413 1216; baseline 0.004 -27"><span class='ocrx_word' id='word_1_32' title='bbox 356 1119 404 1190; x_wconf 89' lang='lat' dir='ltr'><strong>illi</strong></span> <span class='ocrx_word' id='word_1_33' title='bbox 414 1119 545 1193; x_wconf 88' lang='lat' dir='ltr'><strong>blande</strong></span> <span class='ocrx_word' id='word_1_34' title='bbox 557 1119 685 1206; x_wconf 82' lang='lat' dir='ltr'><strong>favens,</strong></span> <span class='ocrx_word' id='word_1_35' title='bbox 702 1141 813 1189; x_wconf 70' lang='lat' dir='ltr'><strong>saevos</strong></span> <span class='ocrx_word' id='word_1_36' title='bbox 826 1118 1046 1216; x_wconf 78' lang='lat' dir='ltr'><strong>perfectiales</strong></span> <span class='ocrx_word' id='word_1_37' title='bbox 1060 1119 1091 1214; x_wconf 88' lang='lat' dir='ltr'><strong>(l</strong></span> <span class='ocrx_word' id='word_1_38' title='bbox 1101 1118 1116 1213; x_wconf 88' lang='lat'><em>)</em></span> <span class='ocrx_word' id='word_1_39' title='bbox 1128 1119 1331 1192; x_wconf 82' lang='lat' dir='ltr'><strong>admodum</strong></span> <span class='ocrx_word' id='word_1_40' title='bbox 1346 1133 1413 1193; x_wconf 85' lang='lat' dir='ltr'><strong>ter·</strong></span> 
     </span>
     <span class='ocr_line' id='line_1_7' title="bbox 356 1235 1415 1332; baseline 0.002 -24"><span class='ocrx_word' id='word_1_41' title='bbox 356 1239 443 1326; x_wconf 89' lang='lat' dir='ltr'><strong>ruit,</strong></span> <span class='ocrx_word' id='word_1_42' title='bbox 472 1253 509 1309; x_wconf 91' lang='lat' dir='ltr'><strong>et</strong></span> <span class='ocrx_word' id='word_1_43' title='bbox 533 1235 693 1309; x_wconf 78' lang='lat' dir='ltr'><strong>acerbam</strong></span> <span class='ocrx_word' id='word_1_44' title='bbox 718 1235 979 1332; x_wconf 68' lang='lat' dir='ltr'><strong>poenitudinem</strong></span> <span class='ocrx_word' id='word_1_45' title='bbox 1001 1235 1227 1309; x_wconf 76' lang='lat' dir='ltr'><strong>infortunata</strong></span> <span class='ocrx_word' id='word_1_46' title='bbox 1252 1237 1415 1312; x_wconf 80' lang='lat' dir='ltr'><strong>factionis</strong></span> 
     </span>
     <span class='ocr_line' id='line_1_8' title="bbox 354 1347 904 1450; baseline -0.005 -28"><span class='ocrx_word' id='word_1_47' title='bbox 354 1349 556 1450; x_wconf 87' lang='lat' dir='ltr'><strong>reipublicae</strong></span> <span class='ocrx_word' id='word_1_48' title='bbox 572 1347 730 1422; x_wconf 85' lang='lat' dir='ltr'><strong>hostibus</strong></span> <span class='ocrx_word' id='word_1_49' title='bbox 746 1350 904 1422; x_wconf 82' lang='lat' dir='ltr'><strong>incussit.</strong></span> 
     </span>
    </p>

    <p class='ocr_par' dir='ltr' id='par_1_3' title="bbox 347 1463 1414 3636">
     <span class='ocr_line' id='line_1_9' title="bbox 402 1463 1414 1562; baseline 0.001 -24"><span class='ocrx_word' id='word_1_50' title='bbox 402 1471 477 1538; x_wconf 84' lang='lat' dir='ltr'><strong>XX.</strong></span> <span class='ocrx_word' id='word_1_51' title='bbox 500 1467 676 1541; x_wconf 84' lang='lat' dir='ltr'><strong>llicheu&#39;us</strong></span> <span class='ocrx_word' id='word_1_52' title='bbox 690 1463 737 1537; x_wconf 92' lang='lat' dir='ltr'><strong>de</strong></span> <span class='ocrx_word' id='word_1_53' title='bbox 750 1463 875 1562; x_wconf 84' lang='lat' dir='ltr'><strong>Aquila</strong></span> <span class='ocrx_word' id='word_1_54' title='bbox 889 1471 949 1534; x_wconf 86' lang='lat' dir='ltr'><strong>xv⁰</strong></span> <span class='ocrx_word' id='word_1_55' title='bbox 960 1465 1129 1538; x_wconf 81' lang='lat' dir='ltr'><strong>kalendas</strong></span> <span class='ocrx_word' id='word_1_56' title='bbox 1141 1463 1302 1540; x_wconf 89' lang='lat' dir='ltr'><strong>octobris</strong></span> <span class='ocrx_word' id='word_1_57' title='bbox 1314 1467 1414 1539; x_wconf 93' lang='lat' dir='ltr'><strong>Odo-</strong></span> 
     </span>
     <span class='ocr_line' id='line_1_10' title="bbox 353 1569 1414 1678; baseline -0.002 -22"><span class='ocrx_word' id='word_1_58' title='bbox 353 1605 451 1674; x_wconf 78' lang='lat' dir='ltr'><strong>uem,</strong></span> <span class='ocrx_word' id='word_1_59' title='bbox 465 1596 644 1678; x_wconf 88' lang='lat' dir='ltr'><strong>totamque</strong></span> <span class='ocrx_word' id='word_1_60' title='bbox 656 1569 813 1677; x_wconf 71' lang='lat' dir='ltr'><strong>praedam</strong></span> <span class='ocrx_word' id='word_1_61' title='bbox 825 1577 871 1650; x_wconf 93' lang='lat' dir='ltr'><strong>de</strong></span> <span class='ocrx_word' id='word_1_62' title='bbox 883 1579 997 1654; x_wconf 85' lang='lat' dir='ltr'><strong>Ciseio</strong></span> <span class='ocrx_word' id='word_1_63' title='bbox 1011 1578 1066 1674; x_wconf 81' lang='lat'><strong>(2)</strong></span> <span class='ocrx_word' id='word_1_64' title='bbox 1079 1580 1210 1677; x_wconf 86' lang='lat' dir='ltr'><strong>rapuit,</strong></span> <span class='ocrx_word' id='word_1_65' title='bbox 1221 1603 1265 1652; x_wconf 89' lang='lat' dir='ltr'><strong>ea</strong></span> <span class='ocrx_word' id='word_1_66' title='bbox 1273 1580 1334 1654; x_wconf 92' lang='lat' dir='ltr'><strong>die</strong></span> <span class='ocrx_word' id='word_1_67' title='bbox 1343 1605 1414 1678; x_wconf 85' lang='lat' dir='ltr'><strong>qua</strong></span> 
     </span>
     <span class='ocr_line' id='line_1_11' title="bbox 353 1692 1414 1784; baseline 0.004 -20"><span class='ocrx_word' id='word_1_68' title='bbox 353 1695 554 1770; x_wconf 88' lang='lat' dir='ltr'><strong>Ludovicus</strong></span> <span class='ocrx_word' id='word_1_69' title='bbox 567 1719 623 1768; x_wconf 81' lang='lat' dir='ltr'><strong>rex</strong></span> <span class='ocrx_word' id='word_1_70' title='bbox 638 1717 723 1767; x_wconf 91' lang='lat' dir='ltr'><strong>cum</strong></span> <span class='ocrx_word' id='word_1_71' title='bbox 733 1693 854 1766; x_wconf 86' lang='lat' dir='ltr'><strong>multis</strong></span> <span class='ocrx_word' id='word_1_72' title='bbox 868 1692 1025 1766; x_wconf 90' lang='lat' dir='ltr'><strong>millibus</strong></span> <span class='ocrx_word' id='word_1_73' title='bbox 1036 1693 1223 1766; x_wconf 86' lang='lat' dir='ltr'><strong>Britolium</strong></span> <span class='ocrx_word' id='word_1_74' title='bbox 1234 1693 1340 1784; x_wconf 89' lang='lat' dir='ltr'><strong>adiit;</strong></span> <span class='ocrx_word' id='word_1_75' title='bbox 1351 1695 1414 1768; x_wconf 87' lang='lat' dir='ltr'><strong>sed</strong></span> 
     </span>
     <span class='ocr_line' id='line_1_12' title="bbox 353 1807 1413 1906; baseline 0.003 -27"><span class='ocrx_word' id='word_1_76' title='bbox 353 1809 440 1881; x_wconf 91' lang='lat' dir='ltr'><strong>nihil</strong></span> <span class='ocrx_word' id='word_1_77' title='bbox 459 1811 527 1882; x_wconf 88' lang='lat' dir='ltr'><strong>uisi</strong></span> <span class='ocrx_word' id='word_1_78' title='bbox 543 1807 695 1882; x_wconf 88' lang='lat' dir='ltr'><strong>dedecus</strong></span> <span class='ocrx_word' id='word_1_79' title='bbox 716 1822 752 1881; x_wconf 90' lang='lat' dir='ltr'><strong>et</strong></span> <span class='ocrx_word' id='word_1_80' title='bbox 771 1807 919 1879; x_wconf 87' lang='lat' dir='ltr'><strong>vulnera</strong></span> <span class='ocrx_word' id='word_1_81' title='bbox 935 1809 1147 1881; x_wconf 84' lang='lat' dir='ltr'><strong>vendicavit.</strong></span> <span class='ocrx_word' id='word_1_82' title='bbox 1171 1810 1340 1882; x_wconf 75' lang='lat' dir='ltr'><strong>Praefatus</strong></span> <span class='ocrx_word' id='word_1_83' title='bbox 1355 1811 1413 1906; x_wconf 87' lang='lat' dir='ltr'><strong>ju·</strong></span> 
     </span>
     <span class='ocr_line' id='line_1_13' title="bbox 352 1924 1412 2025; baseline 0.003 -29"><span class='ocrx_word' id='word_1_84' title='bbox 352 1927 451 2000; x_wconf 90' lang='lat' dir='ltr'><strong>venis</strong></span> <span class='ocrx_word' id='word_1_85' title='bbox 469 1928 506 2002; x_wconf 91' lang='lat' dir='ltr'><strong>iu</strong></span> <span class='ocrx_word' id='word_1_86' title='bbox 520 1925 742 2025; x_wconf 83' lang='lat' dir='ltr'><strong>expeditione</strong></span> <span class='ocrx_word' id='word_1_87' title='bbox 758 1924 818 1998; x_wconf 88' lang='lat' dir='ltr'><strong>illa</strong></span> <span class='ocrx_word' id='word_1_88' title='bbox 833 1949 911 1998; x_wconf 90' lang='lat' dir='ltr'><strong>rem</strong></span> <span class='ocrx_word' id='word_1_89' title='bbox 924 1925 1006 2000; x_wconf 83' lang='lat' dir='ltr'><strong>lecit</strong></span> <span class='ocrx_word' id='word_1_90' title='bbox 1017 1928 1165 2025; x_wconf 81' lang='lat' dir='ltr'><strong>perenni</strong></span> <span class='ocrx_word' id='word_1_91' title='bbox 1178 1927 1326 2024; x_wconf 84' lang='lat' dir='ltr'><strong>dignam</strong></span> <span class='ocrx_word' id='word_1_92' title='bbox 1339 1953 1412 2000; x_wconf 91' lang='lat' dir='ltr'><strong>me·</strong></span> 
     </span>
     <span class='ocr_line' id='line_1_14' title="bbox 352 2039 1413 2140; baseline 0 -26"><span class='ocrx_word' id='word_1_93' title='bbox 352 2042 582 2114; x_wconf 73' lang='lat' dir='ltr'><strong>morlanum</strong></span> <span class='ocrx_word' id='word_1_94' title='bbox 595 2065 765 2140; x_wconf 84' lang='lat' dir='ltr'><strong>pagenses</strong></span> <span class='ocrx_word' id='word_1_95' title='bbox 773 2039 820 2112; x_wconf 88' lang='lat' dir='ltr'><strong>de</strong></span> <span class='ocrx_word' id='word_1_96' title='bbox 829 2041 960 2114; x_wconf 86' lang='lat' dir='ltr'><strong>Vaceio</strong></span> <span class='ocrx_word' id='word_1_97' title='bbox 971 2039 1026 2138; x_wconf 86' lang='lat'><strong>(3)</strong></span> <span class='ocrx_word' id='word_1_98' title='bbox 1036 2056 1072 2114; x_wconf 88' lang='lat' dir='ltr'><strong>et</strong></span> <span class='ocrx_word' id='word_1_99' title='bbox 1080 2041 1413 2138; x_wconf 82' lang='lat' dir='ltr'><strong>circumjacentibus</strong></span> 
     </span>
     <span class='ocr_line' id='line_1_15' title="bbox 350 2157 1414 2256; baseline 0.002 -26"><span class='ocrx_word' id='word_1_100' title='bbox 350 2157 436 2230; x_wconf 84' lang='lat' dir='ltr'><strong>vicis</strong></span> <span class='ocrx_word' id='word_1_101' title='bbox 460 2172 618 2256; x_wconf 87' lang='lat' dir='ltr'><strong>raptores</strong></span> <span class='ocrx_word' id='word_1_102' title='bbox 641 2170 889 2254; x_wconf 81' lang='lat' dir='ltr'><strong>sequerentur,</strong></span> <span class='ocrx_word' id='word_1_103' title='bbox 918 2170 954 2228; x_wconf 90' lang='lat' dir='ltr'><strong>et</strong></span> <span class='ocrx_word' id='word_1_104' title='bbox 978 2172 1139 2230; x_wconf 82' lang='lat' dir='ltr'><strong>armenta</strong></span> <span class='ocrx_word' id='word_1_105' title='bbox 1164 2181 1228 2230; x_wconf 88' lang='lat' dir='ltr'><strong>sua</strong></span> <span class='ocrx_word' id='word_1_106' title='bbox 1252 2157 1414 2256; x_wconf 89' lang='lat' dir='ltr'><strong>quolibet</strong></span> 
     </span>
     <span class='ocr_line' id='line_1_16' title="bbox 350 2272 1412 2372; baseline 0.001 -28"><span class='ocrx_word' id='word_1_107' title='bbox 350 2273 461 2345; x_wconf 90' lang='lat' dir='ltr'><strong>modo</strong></span> <span class='ocrx_word' id='word_1_108' title='bbox 475 2275 682 2372; x_wconf 87' lang='lat' dir='ltr'><strong>eripereseu</strong></span> <span class='ocrx_word' id='word_1_109' title='bbox 693 2273 867 2346; x_wconf 87' lang='lat' dir='ltr'><strong>redimere</strong></span> <span class='ocrx_word' id='word_1_110' title='bbox 880 2272 1150 2362; x_wconf 86' lang='lat' dir='ltr'><strong>meditarentur,</strong></span> <span class='ocrx_word' id='word_1_111' title='bbox 1163 2274 1317 2347; x_wconf 89' lang='lat' dir='ltr'><strong>animosi</strong></span> <span class='ocrx_word' id='word_1_112' title='bbox 1328 2273 1412 2345; x_wconf 91' lang='lat' dir='ltr'><strong>mili·</strong></span> 
     </span>
     <span class='ocr_line' id='line_1_17' title="bbox 351 2385 1412 2485; baseline 0.005 -30"><span class='ocrx_word' id='word_1_113' title='bbox 351 2398 414 2472; x_wconf 90' lang='lat' dir='ltr'><strong>tes,</strong></span> <span class='ocrx_word' id='word_1_114' title='bbox 435 2399 530 2456; x_wconf 85' lang='lat' dir='ltr'><strong>retro</strong></span> <span class='ocrx_word' id='word_1_115' title='bbox 547 2386 722 2475; x_wconf 88' lang='lat' dir='ltr'><strong>conversi,</strong></span> <span class='ocrx_word' id='word_1_116' title='bbox 742 2410 849 2484; x_wconf 86' lang='lat' dir='ltr'><strong>super</strong></span> <span class='ocrx_word' id='word_1_117' title='bbox 863 2409 924 2456; x_wconf 91' lang='lat' dir='ltr'><strong>eos</strong></span> <span class='ocrx_word' id='word_1_118' title='bbox 942 2385 1135 2476; x_wconf 88' lang='lat' dir='ltr'><strong>irruerunt,</strong></span> <span class='ocrx_word' id='word_1_119' title='bbox 1155 2387 1299 2485; x_wconf 89' lang='lat' dir='ltr'><strong>citoque</strong></span> <span class='ocrx_word' id='word_1_120' title='bbox 1317 2404 1412 2484; x_wconf 86' lang='lat' dir='ltr'><strong>terga</strong></span> 
     </span>
     <span class='ocr_line' id='line_1_18' title="bbox 349 2499 1412 2599; baseline 0.001 -28"><span class='ocrx_word' id='word_1_121' title='bbox 349 2499 474 2572; x_wconf 90' lang='lat' dir='ltr'><strong>dantes</strong></span> <span class='ocrx_word' id='word_1_122' title='bbox 489 2502 662 2599; x_wconf 79' lang='lat' dir='ltr'><strong>persecuti</strong></span> <span class='ocrx_word' id='word_1_123' title='bbox 678 2514 772 2571; x_wconf 89' lang='lat' dir='ltr'><strong>suut.</strong></span> <span class='ocrx_word' id='word_1_124' title='bbox 794 2504 957 2597; x_wconf 89' lang='lat' dir='ltr'><strong>Cumque</strong></span> <span class='ocrx_word' id='word_1_125' title='bbox 971 2500 1020 2572; x_wconf 92' lang='lat' dir='ltr'><strong>illi</strong></span> <span class='ocrx_word' id='word_1_126' title='bbox 1037 2501 1130 2573; x_wconf 86' lang='lat' dir='ltr'><strong>vires</strong></span> <span class='ocrx_word' id='word_1_127' title='bbox 1146 2526 1219 2573; x_wconf 91' lang='lat' dir='ltr'><strong>uon</strong></span> <span class='ocrx_word' id='word_1_128' title='bbox 1238 2501 1412 2575; x_wconf 90' lang='lat' dir='ltr'><strong>habereut</strong></span> 
     </span>
     <span class='ocr_line' id='line_1_19' title="bbox 348 2615 1411 2714; baseline 0.003 -27"><span class='ocrx_word' id='word_1_129' title='bbox 348 2615 478 2714; x_wconf 90' lang='lat' dir='ltr'><strong>quibus</strong></span> <span class='ocrx_word' id='word_1_130' title='bbox 500 2630 624 2689; x_wconf 88' lang='lat' dir='ltr'><strong>contra</strong></span> <span class='ocrx_word' id='word_1_131' title='bbox 649 2615 815 2688; x_wconf 75' lang='lat' dir='ltr'><strong>ferratam</strong></span> <span class='ocrx_word' id='word_1_132' title='bbox 836 2617 949 2688; x_wconf 89' lang='lat' dir='ltr'><strong>aciem</strong></span> <span class='ocrx_word' id='word_1_133' title='bbox 970 2642 1047 2688; x_wconf 90' lang='lat' dir='ltr'><strong>sese</strong></span> <span class='ocrx_word' id='word_1_134' title='bbox 1070 2615 1322 2710; x_wconf 78' lang='lat' dir='ltr'><strong>defenderent,</strong></span> <span class='ocrx_word' id='word_1_135' title='bbox 1347 2643 1411 2690; x_wconf 88' lang='lat' dir='ltr'><strong>nec</strong></span> 
     </span>
     <span class='ocr_line' id='line_1_20' title="bbox 348 2729 1413 2830; baseline 0.002 -28"><span class='ocrx_word' id='word_1_136' title='bbox 348 2733 552 2828; x_wconf 82' lang='lat' dir='ltr'><strong>proximum</strong></span> <span class='ocrx_word' id='word_1_137' title='bbox 564 2745 655 2806; x_wconf 85' lang='lat' dir='ltr'><strong>esset</strong></span> <span class='ocrx_word' id='word_1_138' title='bbox 668 2730 886 2828; x_wconf 75' lang='lat' dir='ltr'><strong>presidium,</strong></span> <span class='ocrx_word' id='word_1_139' title='bbox 902 2730 950 2802; x_wconf 88' lang='lat' dir='ltr'><strong>ad</strong></span> <span class='ocrx_word' id='word_1_140' title='bbox 963 2729 1062 2828; x_wconf 94' lang='lat' dir='ltr'><strong>quod</strong></span> <span class='ocrx_word' id='word_1_141' title='bbox 1075 2731 1267 2829; x_wconf 82' lang='lat' dir='ltr'><strong>confugere</strong></span> <span class='ocrx_word' id='word_1_142' title='bbox 1278 2733 1413 2830; x_wconf 86' lang='lat' dir='ltr'><strong>potuis·</strong></span> 
     </span>
     <span class='ocr_line' id='line_1_21' title="bbox 347 2844 1412 2946; baseline 0.001 -29"><span class='ocrx_word' id='word_1_143' title='bbox 347 2860 444 2930; x_wconf 85' lang='lat' dir='ltr'><strong>sent,</strong></span> <span class='ocrx_word' id='word_1_144' title='bbox 472 2872 573 2919; x_wconf 90' lang='lat' dir='ltr'><strong>secus</strong></span> <span class='ocrx_word' id='word_1_145' title='bbox 598 2847 694 2919; x_wconf 86' lang='lat' dir='ltr'><strong>viam</strong></span> <span class='ocrx_word' id='word_1_146' title='bbox 718 2869 863 2917; x_wconf 87' lang='lat' dir='ltr'><strong>crucem</strong></span> <span class='ocrx_word' id='word_1_147' title='bbox 889 2844 1043 2943; x_wconf 85' lang='lat' dir='ltr'><strong>ligneam</strong></span> <span class='ocrx_word' id='word_1_148' title='bbox 1069 2862 1302 2946; x_wconf 79' lang='lat' dir='ltr'><strong>aspexerunt,</strong></span> <span class='ocrx_word' id='word_1_149' title='bbox 1330 2861 1412 2919; x_wconf 88' lang='lat' dir='ltr'><strong>ante</strong></span> 
     </span>
     <span class='ocr_line' id='line_1_22' title="bbox 348 2961 1411 3062; baseline -0.001 -28"><span class='ocrx_word' id='word_1_150' title='bbox 348 2987 457 3060; x_wconf 90' lang='lat' dir='ltr'><strong>quam</strong></span> <span class='ocrx_word' id='word_1_151' title='bbox 475 2987 601 3035; x_wconf 91' lang='lat' dir='ltr'><strong>omnes</strong></span> <span class='ocrx_word' id='word_1_152' title='bbox 615 2961 748 3062; x_wconf 84' lang='lat' dir='ltr'><strong>pariter</strong></span> <span class='ocrx_word' id='word_1_153' title='bbox 760 2961 873 3034; x_wconf 92' lang='lat' dir='ltr'><strong>humo</strong></span> <span class='ocrx_word' id='word_1_154' title='bbox 889 2975 992 3036; x_wconf 90' lang='lat' dir='ltr'><strong>tenus</strong></span> <span class='ocrx_word' id='word_1_155' title='bbox 1008 2963 1173 3061; x_wconf 82' lang='lat' dir='ltr'><strong>prostrati</strong></span> <span class='ocrx_word' id='word_1_156' title='bbox 1187 2978 1282 3036; x_wconf 89' lang='lat' dir='ltr'><strong>sunt.</strong></span> <span class='ocrx_word' id='word_1_157' title='bbox 1304 2961 1411 3050; x_wconf 90' lang='lat' dir='ltr'><strong>Quod</strong></span> 
     </span>
     <span class='ocr_line' id='line_1_23' title="bbox 347 3077 1411 3178; baseline 0.003 -31"><span class='ocrx_word' id='word_1_158' title='bbox 347 3077 473 3154; x_wconf 85' lang='lat' dir='ltr'><strong>videns</strong></span> <span class='ocrx_word' id='word_1_159' title='bbox 495 3077 693 3169; x_wconf 83' lang='lat' dir='ltr'><strong>Richecius,</strong></span> <span class='ocrx_word' id='word_1_160' title='bbox 714 3079 843 3152; x_wconf 87' lang='lat' dir='ltr'><strong>timore</strong></span> <span class='ocrx_word' id='word_1_161' title='bbox 860 3079 926 3152; x_wconf 86' lang='lat' dir='ltr'><strong>Dei</strong></span> <span class='ocrx_word' id='word_1_162' title='bbox 942 3095 1183 3178; x_wconf 88' lang='lat' dir='ltr'><strong>compunctus</strong></span> <span class='ocrx_word' id='word_1_163' title='bbox 1202 3097 1271 3170; x_wconf 91' lang='lat' dir='ltr'><strong>est,</strong></span> <span class='ocrx_word' id='word_1_164' title='bbox 1292 3096 1330 3154; x_wconf 89' lang='lat' dir='ltr'><strong>et</strong></span> <span class='ocrx_word' id='word_1_165' title='bbox 1346 3103 1411 3178; x_wconf 92' lang='lat' dir='ltr'><strong>pro</strong></span> 
     </span>
     <span class='ocr_line' id='line_1_24' title="bbox 347 3191 1407 3294; baseline 0 -31"><span class='ocrx_word' id='word_1_166' title='bbox 347 3191 443 3266; x_wconf 92' lang='lat' dir='ltr'><strong>dulci</strong></span> <span class='ocrx_word' id='word_1_167' title='bbox 463 3217 587 3266; x_wconf 87' lang='lat' dir='ltr'><strong>amore</strong></span> <span class='ocrx_word' id='word_1_168' title='bbox 603 3194 793 3266; x_wconf 86' lang='lat' dir='ltr'><strong>Salvatoris</strong></span> <span class='ocrx_word' id='word_1_169' title='bbox 811 3217 956 3265; x_wconf 90' lang='lat' dir='ltr'><strong>crucem</strong></span> <span class='ocrx_word' id='word_1_170' title='bbox 976 3195 1052 3290; x_wconf 87' lang='lat' dir='ltr'><strong>ejus</strong></span> <span class='ocrx_word' id='word_1_171' title='bbox 1073 3197 1132 3294; x_wconf 92' lang='lat' dir='ltr'><strong>pie</strong></span> <span class='ocrx_word' id='word_1_172' title='bbox 1152 3198 1326 3268; x_wconf 82' lang='lat' dir='ltr'><strong>reveritus</strong></span> <span class='ocrx_word' id='word_1_173' title='bbox 1344 3208 1407 3264; x_wconf 86' lang='lat' dir='ltr'><strong>est.</strong></span> 
     </span>
     <span class='ocr_line' id='line_1_25' title="bbox 347 3307 1411 3407; baseline 0 -30"><span class='ocrx_word' id='word_1_174' title='bbox 347 3309 454 3380; x_wconf 79' lang='lat' dir='ltr'><strong>iussit</strong></span> <span class='ocrx_word' id='word_1_175' title='bbox 485 3333 570 3407; x_wconf 81' lang='lat' dir='ltr'><strong>ergo</strong></span> <span class='ocrx_word' id='word_1_176' title='bbox 604 3309 676 3381; x_wconf 90' lang='lat' dir='ltr'><strong>suis</strong></span> <span class='ocrx_word' id='word_1_177' title='bbox 709 3323 747 3379; x_wconf 90' lang='lat' dir='ltr'><strong>ut</strong></span> <span class='ocrx_word' id='word_1_178' title='bbox 778 3331 905 3378; x_wconf 89' lang='lat' dir='ltr'><strong>omnes</strong></span> <span class='ocrx_word' id='word_1_179' title='bbox 938 3321 1184 3378; x_wconf 87' lang='lat' dir='ltr'><strong>consternatos</strong></span> <span class='ocrx_word' id='word_1_180' title='bbox 1213 3307 1411 3378; x_wconf 89' lang='lat' dir='ltr'><strong>incolumes</strong></span> 
     </span>
     <span class='ocr_line' id='line_1_26' title="bbox 348 3419 1410 3523; baseline 0.001 -32"><span class='ocrx_word' id='word_1_181' title='bbox 348 3421 520 3514; x_wconf 84' lang='lat' dir='ltr'><strong>sinerent,</strong></span> <span class='ocrx_word' id='word_1_182' title='bbox 545 3439 583 3496; x_wconf 89' lang='lat' dir='ltr'><strong>et</strong></span> <span class='ocrx_word' id='word_1_183' title='bbox 600 3424 684 3523; x_wconf 93' lang='lat' dir='ltr'><strong>ipsi,</strong></span> <span class='ocrx_word' id='word_1_184' title='bbox 705 3447 752 3495; x_wconf 92' lang='lat' dir='ltr'><strong>ne</strong></span> <span class='ocrx_word' id='word_1_185' title='bbox 769 3421 1065 3520; x_wconf 89' lang='lat' dir='ltr'><strong>impedimentum</strong></span> <span class='ocrx_word' id='word_1_186' title='bbox 1084 3419 1230 3518; x_wconf 90' lang='lat' dir='ltr'><strong>aliquod</strong></span> <span class='ocrx_word' id='word_1_187' title='bbox 1246 3436 1410 3519; x_wconf 88' lang='lat' dir='ltr'><strong>pateren-</strong></span> 
     </span>
     <span class='ocr_line' id='line_1_27' title="bbox 349 3535 1408 3636; baseline 0.001 -30"><span class='ocrx_word' id='word_1_188' title='bbox 349 3550 419 3624; x_wconf 83' lang='lat' dir='ltr'><strong>tur,</strong></span> <span class='ocrx_word' id='word_1_189' title='bbox 449 3538 645 3636; x_wconf 77' lang='lat' dir='ltr'><strong>incoeptum</strong></span> <span class='ocrx_word' id='word_1_190' title='bbox 667 3538 734 3610; x_wconf 83' lang='lat' dir='ltr'><strong>iter</strong></span> <span class='ocrx_word' id='word_1_191' title='bbox 761 3551 988 3636; x_wconf 80' lang='lat' dir='ltr'><strong>peragerent.</strong></span> <span class='ocrx_word' id='word_1_192' title='bbox 1022 3538 1079 3608; x_wconf 90' lang='lat' dir='ltr'><strong>Sic</strong></span> <span class='ocrx_word' id='word_1_193' title='bbox 1107 3535 1237 3608; x_wconf 86' lang='lat' dir='ltr'><strong>nobilis</strong></span> <span class='ocrx_word' id='word_1_194' title='bbox 1262 3537 1318 3607; x_wconf 84' lang='lat' dir='ltr'><strong>vir</strong></span> <span class='ocrx_word' id='word_1_195' title='bbox 1344 3559 1408 3635; x_wconf 88' lang='lat' dir='ltr'><strong>pro</strong></span> 
     </span>
    </p>
   </div>
   <div class='ocr_carea' id='block_1_3' title="bbox 349 3650 1406 3752">
    <p class='ocr_par' dir='ltr' id='par_1_4' title="bbox 349 3650 1406 3752">
     <span class='ocr_line' id='line_1_28' title="bbox 349 3650 1406 3752; baseline 0.002 -32"><span class='ocrx_word' id='word_1_196' title='bbox 349 3653 524 3724; x_wconf 83' lang='lat' dir='ltr'><strong>Creatoris</strong></span> <span class='ocrx_word' id='word_1_197' title='bbox 535 3667 631 3723; x_wconf 88' lang='lat' dir='ltr'><strong>metu</strong></span> <span class='ocrx_word' id='word_1_198' title='bbox 647 3651 720 3724; x_wconf 88' lang='lat' dir='ltr'><strong>lere</strong></span> <span class='ocrx_word' id='word_1_199' title='bbox 734 3666 879 3724; x_wconf 88' lang='lat' dir='ltr'><strong>centum</strong></span> <span class='ocrx_word' id='word_1_200' title='bbox 892 3650 1029 3722; x_wconf 88' lang='lat' dir='ltr'><strong>villanis</strong></span> <span class='ocrx_word' id='word_1_201' title='bbox 1041 3652 1214 3750; x_wconf 85' lang='lat' dir='ltr'><strong>pepercit,</strong></span> <span class='ocrx_word' id='word_1_202' title='bbox 1231 3650 1406 3752; x_wconf 87' lang='lat' dir='ltr'><strong>aquibus,</strong></span> 
     </span>
    </p>
   </div>
   <div class='ocr_carea' id='block_1_4' title="bbox 349 3899 1407 4239">
    <p class='ocr_par' dir='ltr' id='par_1_5' title="bbox 349 3899 1406 4058">
     <span class='ocr_line' id='line_1_29' title="bbox 383 3899 1406 3974; baseline -0.002 -18"><span class='ocrx_word' id='word_1_203' title='bbox 383 3899 423 3970; x_wconf 83' lang='lat' dir='ltr'><strong>(l)</strong></span> <span class='ocrx_word' id='word_1_204' title='bbox 441 3899 481 3956; x_wconf 87' lang='lat' dir='ltr'><strong>Ce</strong></span> <span class='ocrx_word' id='word_1_205' title='bbox 498 3908 557 3954; x_wconf 89' lang='lat' dir='ltr'><strong>mot</strong></span> <span class='ocrx_word' id='word_1_206' title='bbox 574 3899 663 3971; x_wconf 84' lang='lat' dir='ltr'><strong>paralt</strong></span> <span class='ocrx_word' id='word_1_207' title='bbox 683 3899 743 3954; x_wconf 76' lang='lat' dir='ltr'><strong>dtte</strong></span> <span class='ocrx_word' id='word_1_208' title='bbox 761 3917 815 3954; x_wconf 87' lang='lat' dir='ltr'><strong>une</strong></span> <span class='ocrx_word' id='word_1_209' title='bbox 834 3901 997 3971; x_wconf 85' lang='lat' dir='ltr'><strong>corruption</strong></span> <span class='ocrx_word' id='word_1_210' title='bbox 1012 3900 1048 3956; x_wconf 83' lang='lat' dir='ltr'><strong>de</strong></span> <span class='ocrx_word' id='word_1_211' title='bbox 1063 3900 1268 3974; x_wconf 71' lang='lat' dir='ltr'><strong>prefictr&#39;elis:</strong></span> <span class='ocrx_word' id='word_1_212' title='bbox 1284 3911 1406 3973; x_wconf 77' lang='lat' dir='ltr'><strong>sergent,</strong></span> 
     </span>
     <span class='ocr_line' id='line_1_30' title="bbox 349 3985 785 4058; baseline 0 -16"><span class='ocrx_word' id='word_1_213' title='bbox 349 3986 452 4044; x_wconf 80' lang='lat' dir='ltr'><strong>officiet</strong></span> <span class='ocrx_word' id='word_1_214' title='bbox 466 3986 502 4042; x_wconf 87' lang='lat' dir='ltr'><strong>de</strong></span> <span class='ocrx_word' id='word_1_215' title='bbox 510 3985 615 4058; x_wconf 80' lang='lat' dir='ltr'><strong>justice</strong></span> <span class='ocrx_word' id='word_1_216' title='bbox 626 4004 662 4042; x_wconf 91' lang='lat' dir='ltr'><strong>ou</strong></span> <span class='ocrx_word' id='word_1_217' title='bbox 677 3986 716 4042; x_wconf 77' lang='lat' dir='ltr'><strong>du</strong></span> <span class='ocrx_word' id='word_1_218' title='bbox 730 3986 785 4044; x_wconf 79' lang='lat' dir='ltr'><strong>lise.</strong></span> 
     </span>
    </p>

    <p class='ocr_par' dir='ltr' id='par_1_6' title="bbox 384 4076 708 4150">
     <span class='ocr_line' id='line_1_31' title="bbox 384 4076 708 4150; baseline -0.019 -14"><span class='ocrx_word' id='word_1_219' title='bbox 384 4079 421 4148; x_wconf 77' lang='lat'><strong>(2)</strong></span> <span class='ocrx_word' id='word_1_220' title='bbox 439 4077 528 4144; x_wconf 85' lang='lat' dir='ltr'><strong>Cisal,</strong></span> <span class='ocrx_word' id='word_1_221' title='bbox 544 4077 609 4150; x_wconf 77' lang='lat' dir='ltr'><strong>pres</strong></span> <span class='ocrx_word' id='word_1_222' title='bbox 621 4076 708 4131; x_wconf 85' lang='lat' dir='ltr'><strong>Gace&#39;.</strong></span> 
     </span>
    </p>

    <p class='ocr_par' dir='ltr' id='par_1_7' title="bbox 385 4165 1407 4239">
     <span class='ocr_line' id='line_1_32' title="bbox 385 4165 1407 4239; baseline -0.001 -16"><span class='ocrx_word' id='word_1_223' title='bbox 385 4167 420 4238; x_wconf 70' lang='grc'><strong>(3)</strong></span> <span class='ocrx_word' id='word_1_224' title='bbox 440 4167 489 4221; x_wconf 72' lang='lat' dir='ltr'><strong>les</strong></span> <span class='ocrx_word' id='word_1_225' title='bbox 503 4183 630 4239; x_wconf 83' lang='lat' dir='ltr'><strong>paysaus,</strong></span> <span class='ocrx_word' id='word_1_226' title='bbox 645 4165 683 4220; x_wconf 84' lang='lat' dir='ltr'><strong>les</strong></span> <span class='ocrx_word' id='word_1_227' title='bbox 697 4166 836 4220; x_wconf 78' lang='lat' dir='ltr'><strong>habitante</strong></span> <span class='ocrx_word' id='word_1_228' title='bbox 849 4166 897 4219; x_wconf 84' lang='lat' dir='ltr'><strong>dos</strong></span> <span class='ocrx_word' id='word_1_229' title='bbox 912 4166 1046 4220; x_wconf 83' lang='lat' dir='ltr'><strong>bameaut</strong></span> <span class='ocrx_word' id='word_1_230' title='bbox 1060 4166 1095 4222; x_wconf 86' lang='lat' dir='ltr'><strong>de</strong></span> <span class='ocrx_word' id='word_1_231' title='bbox 1109 4168 1186 4224; x_wconf 76' lang='lat' dir='ltr'><strong>Gace</strong></span> <span class='ocrx_word' id='word_1_232' title='bbox 1197 4179 1226 4222; x_wconf 84' lang='lat' dir='ltr'><strong>et</strong></span> <span class='ocrx_word' id='word_1_233' title='bbox 1238 4169 1287 4223; x_wconf 81' lang='lat' dir='ltr'><strong>des</strong></span> <span class='ocrx_word' id='word_1_234' title='bbox 1299 4167 1407 4238; x_wconf 65' lang='lat' dir='ltr'><strong>rittega</strong></span> 
     </span>
    </p>
   </div>
   <div class='ocr_carea' id='block_1_5' title="bbox 280 4253 461 4310">
    <p class='ocr_par' dir='ltr' id='par_1_8' title="bbox 280 4253 461 4310">
     <span class='ocr_line' id='line_1_33' title="bbox 280 4253 461 4310; baseline 0.028 -5"><span class='ocrx_word' id='word_1_235' title='bbox 280 4287 283 4294; x_wconf 84' lang='lat'><em>-</em></span> <span class='ocrx_word' id='word_1_236' title='bbox 351 4253 461 4310; x_wconf 79' lang='lat' dir='ltr'><strong>coisins.</strong></span> 
     </span>
    </p>
   </div>
   <div class='ocr_carea' id='block_1_6' title="bbox 0 0 1574 5076">
    <p class='ocr_par' dir='ltr' id='par_1_9' title="bbox 0 0 1574 5076">
     <span class='ocr_line' id='line_1_34' title="bbox 0 0 1574 5076; baseline 0 2"><span class='ocrx_word' id='word_1_237' title='bbox 0 0 1574 5076; x_wconf 95' lang='lat' dir='ltr'><strong> </strong></span> 
     </span>
    </p>
   </div>
  </div>
 </body>
</html>
