2888 4934
192 405 252 466 sss
464 397 647 460 nrsroata
670 388 976 458 summissum.
1049 399 1141 476 [vm
1158 397 1243 476 1124]

191 535 282 632 regis
295 545 476 632 properat,
493 555 600 628 quem
617 531 653 602 in
670 530 758 602 turri
771 533 958 628 Carpetrae,
978 544 1016 601 ut
1031 526 1171 600 dictum
1184 543 1244 620 est,

191 648 392 746 reliquerat.
416 651 553 718 Interea
572 645 678 719 Balad
694 669 813 717 arcem
829 643 987 733 obsedit,
1006 658 1042 715 et
1056 644 1172 715 Gazin
1187 667 1247 715 ne·

191 780 313 864 potem
327 787 446 852 suum,
459 775 494 832 et
505 760 761 833 Bursechinum
775 760 829 857 (l)
844 758 1026 855 juvenem,
1041 759 1247 855 magistrun

192 878 362 968 militum,
382 877 456 973 regi
476 875 678 972 frequenter
692 873 835 964 direxit,
859 888 998 946 etcum
1013 872 1249 970 jurejurando

191 991 373 1065 mandavit
389 1006 445 1079 ut,
463 991 493 1061 si
509 988 576 1062 sibi
591 988 737 1088 pacifice
757 1013 877 1063 arcem
896 988 1081 1078 reddeiet,
1107 989 1250 1063 liberte-

191 1120 265 1178 tem
281 1102 438 1178 abeundi
453 1127 680 1200 quocumque
698 1102 801 1175 vellet
818 1127 902 1175 cum
918 1101 1088 1175 omnibus
1103 1104 1197 1194 suis,
1216 1117 1251 1176 et

190 1234 320 1293 cuncta
332 1243 411 1316 quae
426 1233 572 1316 peteret,
588 1217 634 1289 ab
649 1242 694 1289 eo
707 1218 892 1316 reciperet.
910 1220 983 1289 Rex
994 1231 1130 1307 autern,
1144 1217 1252 1316 lonffl

191 1332 388 1407 inclusione
404 1332 579 1430 fatigatus,
598 1345 632 1405 et
648 1330 761 1404 fallaci
779 1336 920 1428 Pagano
936 1355 1166 1429 praepropere
1178 1355 1251 1409 cte·

191 1450 313 1540 dutus,
334 1475 453 1524 arcem
470 1448 640 1539 redares
666 1449 713 1522 aa
734 1447 941 1522 mansuum
964 1432 1251 1524 chassaneium

190 1581 226 1638 et
250 1566 447 1666 tripudium
474 1568 708 1661 Paganurum.
735 1568 886 1660 Egresso
910 1565 1030 1660 itaque
1050 1564 1127 1662 regi
1149 1563 1253 1662 junit

189 1681 299 1767 Reled
319 1696 474 1780 quatuor
495 1679 621 1754 dentes
642 1679 777 1755 extrahi
798 1680 871 1776 (2),
893 1693 929 1751 et
951 1679 1189 1752 Gualeranno
1205 1676 1255 1753 do

190 1798 336 1873 Pusacio
348 1797 530 1873 sinistrum
542 1793 688 1867 oculum
701 1796 791 1883 erui,
804 1809 841 1868 et
851 1819 961 1868 venas
972 1792 1089 1866 dextm
1099 1792 1251 1885 brudei,

188 1936 234 1984 ne
250 1911 412 1987 lanceam
428 1911 574 1983 ulterius
590 1910 712 1998 ferret,
735 1909 895 2008 praecidi,
917 1933 1116 2007 omnesque
1133 1909 1253 1983 souis·

189 2050 314 2098 eorum
329 2025 510 2098 decollari.
529 2024 639 2113 Quod
655 2027 755 2098 etita
770 2023 903 2097 lactum
918 2039 983 2096 est.
1002 2023 1255 2098 Gusterannn·

188 2154 270 2237 post
285 2140 566 2222 debilitationem
584 2139 829 2219 membrorum
844 2155 1008 2212 mortuus
1022 2152 1088 2229 est,
1104 2141 1252 2212 iterun·

188 2279 259 2352 que
275 2280 337 2328 rex
354 2256 392 2327 in
408 2278 549 2340 carcere
564 2255 740 2346 reclusus,
759 2282 794 2327 iv
811 2257 916 2328 annis
931 2256 1052 2354 pejora
1071 2253 1255 2354 pnorbm

188 2392 379 2467 perpessus
392 2383 458 2441 est.
484 2373 596 2449 Poaro
618 2395 701 2443 xxrv
725 2369 852 2442 milites
870 2384 906 2443 et
920 2391 987 2443 cm
1002 2370 1093 2465 Syri,
1112 2367 1176 2441 vel
1191 2373 1255 2442 br·

187 2484 315 2573 menii,
336 2482 511 2581 capitibus
531 2484 740 2581 amputatis,
760 2485 936 2584 perempti
957 2498 1050 2557 aunt.
1074 2482 1149 2555 Sed
1169 2504 1255 2557 cu!

188 2597 327 2673 Christo
350 2599 491 2688 vivant,
518 2619 626 2696 quem
650 2599 926 2689 confessisunt,
951 2615 988 2673 et
1010 2600 1069 2673 cui
1093 2600 1258 2673 vivcnlel

188 2710 400 2797 servierunt!
422 2712 620 2790 loscelinus
637 2729 774 2805 autem,
796 2731 836 2789 ut
850 2716 943 2812 regis
960 2713 1203 2787 delectionem
1218 2726 1256 2787 et·

188 2856 336 2903 suorum
348 2829 487 2903 cladem
501 2828 617 2901 obiter
628 2830 776 2920 audivit,
789 2831 894 2902 nimis
907 2828 1042 2925 ejulans
1055 2853 1142 2901 cum
1153 2828 1255 2901 omni

189 2948 344 3018 exercitu
383 2945 576 3017 christiano
616 2944 794 3034 substitit,
835 2944 1076 3043 ventilatoque
1115 2942 1253 3017 ibidem

188 3061 360 3147 consilio,
391 3085 454 3131 sua
483 3060 626 3156 negotia
653 3062 804 3158 quisque
833 3060 984 3158 repetiit.
1011 3053 1253 3133 infortunium

188 3175 395 3271 hujusmodi
413 3200 478 3274 per
494 3189 609 3247 totum
629 3176 805 3246 mundum
822 3174 983 3247 auditum
1000 3189 1066 3263 est,
1086 3187 1121 3247 et
1135 3173 1253 3247 Cbn'a·

190 3287 305 3360 ticolis
320 3288 614 3378 lamentantibus,
634 3288 793 3361 Ethnicis
810 3290 934 3386 ingens
951 3287 1069 3358 laetitia
1086 3302 1167 3359 orta
1184 3301 1248 3361 est.

239 3402 347 3475 Balad
363 3403 482 3498 igitur,
499 3420 692 3501 postquam
707 3403 774 3475 sibi
789 3404 835 3476 ad
852 3418 977 3476 votum
990 3403 1112 3473 omnia
1127 3403 1168 3474 in
1182 3401 1251 3490 bis,

226 3680 263 3753 (t)
280 3679 355 3735 C'eat
365 3680 392 3736 le
404 3680 493 3736 meme
509 3699 681 3757 personnage
695 3700 750 3756 que
767 3699 837 3739 nous
852 3698 935 3737 avons
951 3680 1016 3752 deit
1025 3679 1253 3735 reneontrem

191 3768 217 3824 le
230 3785 297 3823 norn
307 3766 343 3822 de
355 3767 553 3825 Bursetlriuus.
568 3770 662 3842 Vuyez
674 3769 826 3840 ridemur,
839 3789 868 3843 p.
879 3770 943 3827 att.

226 3857 264 3930 (ἱ)
284 3858 361 3912 Nous
374 3861 505 3930 esperone
517 3876 573 3931 que
584 3877 638 3913 nos
647 3858 766 3914 leeteurs
779 3858 910 3913 n'auront
921 3874 970 3930 pes
983 3856 1077 3928 ajontk
1089 3853 1155 3928 plus
1164 3852 1202 3909 de
1211 3851 1253 3908 bi

191 3963 246 4000 anx
255 3955 355 4019 quatre
366 3943 447 3999 dente
462 3946 608 4001 arracbdes
621 3946 685 4020 qu'l
697 3945 884 4019 l'etymologie
897 3943 936 3999 du
953 3953 1013 3999 mot
1023 3941 1146 3999 Sonam.
1162 3940 1253 4015 Δῃὼ

193 4036 217 4087 la
239 4046 313 4089 mort
329 4034 364 4089 de
382 4032 481 4099 estat,
502 4033 646 4090 Beudonin
666 4045 738 4089 resta
756 4034 913 4107 prisonnier
933 4035 949 4087 l
968 4030 1093 4097 Qatnu,
1113 4040 1143 4086 et
1161 4046 1194 4086 ue
1208 4027 1253 4083 tat

195 4131 361 4192 moyennant
374 4139 477 4194 rencon
490 4121 558 4195 qn’il
570 4123 651 4177 sortit
662 4122 697 4177 de
708 4122 839 4195 captivite‘
847 4139 883 4175 en
895 4122 975 4179 lm.
