2888 4934
116 390 177 461 isi
386 398 569 460 nistoriis
590 387 896 460 ucctssmsrtm.
957 395 1171 480 [tisorias]

116 548 151 605 et
166 532 312 623 clericis,
330 532 391 627 qui
408 543 547 629 semper
562 531 724 603 invident
738 529 935 623 monacbis,
956 527 1168 627 farraginem

115 648 315 721 rebellionis
328 648 573 746 prestiterunt.
595 652 662 719 Per
677 647 940 736 dioecesessuas
955 645 1024 718 illis
1036 662 1168 719 contu·

114 763 235 836 melias
254 765 471 858 irrogarunt,
494 778 530 835 et
552 778 624 835 tam
641 788 706 862 per
726 788 764 836 se
782 787 893 861 quam
915 787 980 860 per
998 763 1170 836 suffectos

113 878 328 977 perfectiales
340 878 466 949 acriter
480 892 745 977 oppresserunt.
763 876 864 949 Unde
880 876 1017 965 fratres,
1036 876 1168 950 damn

113 1008 147 1065 et
160 994 306 1090 injurias
319 993 409 1064 ierre
421 994 586 1091 impotes,
600 993 795 1065 contristati
811 1006 907 1083 suut,
920 1005 958 1063 et
967 993 1071 1088 quasi
1083 1014 1168 1064 oves

110 1109 156 1180 de
166 1108 326 1180 saucibus
335 1107 502 1205 luporum
514 1108 562 1179 ad
570 1107 688 1180 caulas
696 1108 902 1179 monasterii
913 1105 1163 1203 confugerunt.

110 1227 205 1296 Inter
216 1247 278 1295 eos
289 1224 394 1295 etiam
407 1223 530 1320 ingens
540 1223 712 1296 dissensio
723 1224 760 1294 in
771 1221 1014 1322 penetralibus
1024 1221 1167 1294 claustri

109 1352 230 1410 exorta
250 1352 315 1410 est.
338 1337 493 1425 Quidam
514 1352 639 1410 contra
660 1337 832 1409 Poncium
852 1336 1166 1410 archimandritam

109 1453 186 1526 zelo
202 1454 374 1525 commoti
391 1467 491 1544 sunt,
515 1454 705 1552 ipsumque
722 1453 819 1552 apud
839 1452 1016 1524 Calixtum
1035 1457 1166 1550 Papam

110 1571 229 1640 Romae
252 1582 508 1640 accusaverunt
529 1567 628 1664 quod
654 1570 691 1640 in
717 1567 855 1640 actibus
881 1568 952 1638 suis
974 1567 1165 1640 vehemens

108 1698 199 1756 esset
215 1706 257 1756 ac
272 1682 455 1782 prodigus,
474 1697 510 1755 et
525 1683 739 1755 monasticos
754 1696 916 1780 sumptus
930 1681 1164 1753 immoderate

108 1796 318 1870 distraheret
325 1798 363 1869 in
371 1797 486 1868 causis
494 1795 691 1868 inutilibus.
703 1795 812 1883 Quod
820 1795 878 1866 ille
885 1794 1051 1886 audiens,
1064 1795 1166 1867 nimis

109 1908 313 2004 natusest,
334 1927 387 2005 et,
406 1910 545 1984 abbatis
565 1910 684 1983 officio
705 1910 907 1983 inconsulte
926 1934 1053 1982 coram
1074 1914 1163 2009 Papa

110 2027 251 2119 relicto,
271 2051 418 2127 peregre
436 2027 613 2126 proiectus
635 2041 699 2098 est.
723 2023 976 2122 Hierosolymis
992 2039 1116 2097 autem
1131 2037 1164 2097 et

109 2145 148 2214 in
159 2136 282 2216 monte
292 2143 448 2234 Thabor,
464 2145 610 2242 aliisque
622 2143 731 2216 sacris
743 2142 833 2215 locis
848 2141 1060 2240 aliquandiu
1072 2164 1164 2215 com·

110 2273 268 2330 moratus
297 2261 411 2331 estin
441 2259 637 2353 Palaestina,
666 2259 729 2331 ubi
757 2259 933 2331 Dominus
957 2263 1061 2331 lesus
1083 2281 1163 2330 carm

110 2373 325 2472 pauperibus
332 2376 493 2446 Nazareis
501 2375 731 2474 corporaliter
739 2390 968 2448 conversatus
975 2389 1043 2447 est.
1057 2381 1160 2474 Papa,

110 2490 244 2562 Pcncio
265 2489 342 2561 sine
362 2489 501 2561 licentia
517 2504 554 2561 et
573 2490 824 2564 benedictione
840 2505 904 2564 sua
919 2492 1164 2591 imprudenter

109 2600 282 2695 abeunte,
306 2606 357 2677 ira
375 2604 538 2699 incaluit,
566 2620 602 2678 et
622 2607 914 2680 cluniacensibus
934 2621 974 2678 ut
992 2607 1162 2679 idoneum

109 2720 177 2792 sibi
192 2736 367 2793 rectorem
382 2720 551 2816 eligerent
566 2723 744 2820 praecepit.
764 2726 875 2794 Porro
894 2721 943 2792 illi
960 2725 1157 2816 Hugonem,

109 2835 363 2933 probatissimae
381 2836 459 2907 vitae
476 2859 616 2926 senem,
638 2836 705 2907 sibi
722 2837 890 2908 abbatem
911 2834 1157 2932 praefecerunt,

109 2973 234 3045 quem,
253 2966 334 3049 post
349 2966 419 3022 tres
434 2974 573 3022 menses
591 2950 817 3041 desuncusm,
835 2953 872 3022 in
890 2949 1086 3047 aquilonali
1102 2946 1160 3019 cli·

109 3081 204 3138 mate
221 3065 373 3165 periboli
396 3065 628 3163 sepelierunt,
650 3080 685 3137 et
709 3067 745 3137 in
765 3090 851 3138 arcu
868 3064 1031 3163 lapideo,
1058 3085 1161 3160 super

108 3196 420 3273 cumconstructo,
431 3181 654 3280 epitaphium
663 3180 1156 3277 hujusmodiannotaverunt:

194 3365 248 3421 Hic
260 3365 450 3434 cluniacensis
460 3365 535 3439 jacet
545 3364 629 3420 abbas
642 3365 726 3439 Hugo
738 3362 888 3432 secundus,

194 3453 275 3508 Patre
288 3454 468 3523 besontinus,
482 3452 675 3528 Lugdunensis
689 3454 838 3528 genitrice,

194 3538 341 3613 Religicne
353 3544 460 3613 nitens,
475 3541 649 3617 grandevus,
664 3559 774 3609 amore,
788 3541 891 3615 pioque

193 3628 309 3701 Semper
320 3647 404 3689 ovans
415 3631 508 3701 cultu,
522 3631 589 3699 tibi,
605 3648 713 3686 summe
725 3631 851 3697 Creator,
866 3627 986 3684 inhesit.

191 3717 226 3782 ln
238 3717 335 3791 requie
348 3727 441 3775 tecum
454 3720 540 3776 modo
551 3718 616 3776 felix
630 3719 704 3774 vivat
715 3718 746 3773 in
759 3717 863 3773 amm!

102 3871 240 3944 Deinde
257 3870 504 3944 Cluniacenses
520 3877 681 3965 Petrum,
701 3870 905 3967 religiosum
921 3868 1158 3958 monachum,

148 3985 261 4068 *bilem
276 4000 312 4060 et
326 3984 521 4078 eruditum,
539 3987 607 4059 sibi
621 3987 805 4085 elegerunt
820 3984 1043 4081 magistrum,
1062 3984 1163 4080 cujus,

200 4103 342 4179 lurimo
359 4116 522 4200 tempore
537 4125 675 4196 gessere
691 4101 946 4197 magisterium.
