2888 4934
194 382 253 443 tto
465 379 648 442 ulstottta
671 378 976 441 Ecctbsttsrtct.
1147 380 1248 461 [titt]

191 511 475 585 irremissibiliter
498 512 666 602 extraxit,
696 525 912 610 captumque
938 535 1059 585 secum
1087 509 1245 583 adduxit.

192 628 439 701 Gualerannus
453 653 574 701 comes
591 627 733 700 duobus
749 627 932 720 iratribus,
954 629 992 699 in
1013 624 1150 725 quibus
1165 652 1248 699 con·

192 742 345 816 fidebat:
359 742 531 815 Herberto
548 742 680 815 scilicet
696 743 741 815 de
757 744 916 816 buxovio
929 758 966 816 et
982 744 1151 841 Rogerio,
1169 766 1249 817 eum

191 882 254 928 vnr
266 857 454 930 clientibus
465 882 583 930 arcem
593 860 829 931 commiserat.
843 862 943 931 Tunc
956 883 1040 931 rura
1053 859 1090 930 in
1102 859 1250 931 circum-

192 974 244 1043 itu
269 972 481 1065 devastavit,
495 987 542 1058 et
566 973 734 1072 quicquid
753 974 799 1047 ad
820 973 942 1047 cibum
964 972 1186 1073 pertinebat,
1205 974 1250 1046 de

191 1079 360 1159 domibus
374 1105 409 1161 et
425 1089 579 1161 ecclesiis
599 1091 734 1190 rapuit,
757 1104 793 1162 et
807 1091 843 1162 in
861 1091 988 1162 turrim
1004 1114 1073 1189 pro
1089 1087 1249 1165 subsidio

190 1203 379 1275 custodum
404 1204 612 1277 introduxit.
640 1206 774 1279 Eadem
800 1207 906 1278 etiam
926 1204 1001 1296 die,
1020 1229 1146 1277 comes
1167 1204 1250 1277 iuri-

189 1315 351 1410 bundus,
372 1334 412 1391 ut
428 1344 596 1418 spumans
611 1343 710 1420 aper,
728 1325 920 1392 Brotonam
932 1320 1057 1391 silvam
1071 1319 1129 1416 (l)
1143 1321 1250 1391 intra·

190 1432 254 1522 vit,
271 1445 306 1504 et
323 1434 472 1505 rusticos
488 1435 550 1531 qui
567 1433 661 1532 ligna
676 1435 714 1507 in
732 1434 822 1507 saltu
837 1432 1078 1533 praecidebant
1094 1434 1247 1524 invenit,

189 1547 361 1643 plurimos
372 1548 656 1645 comprehendit,
670 1563 792 1648 captos
802 1549 992 1647 amputatis
1002 1545 1162 1646 pedibus
1171 1545 1249 1618 lori·

188 1660 298 1757 pedes
317 1661 451 1755 ellecit,
474 1676 511 1734 et
525 1663 575 1733 sic
596 1663 698 1735 almae
718 1662 911 1734 festivitatis
932 1674 1082 1733 stemma
1098 1675 1247 1752 temere,

189 1775 252 1848 sed
270 1800 344 1848 non
361 1777 522 1876 impune,
541 1778 698 1850 violavit.

237 1893 373 1963 interea
398 1891 593 1965 ilannulfus
618 1894 836 1983 Baiooensis,
863 1892 924 1989 qui
954 1891 1116 1964 Ebroioee
1143 1893 1247 1962 turris

189 2007 314 2077 munio
342 2021 435 2100 erat,
464 2023 500 2080 et
520 2010 694 2106 copiosas¹
707 2008 866 2080 hostium
891 2008 983 2080 acies
1003 2008 1249 2079 Guataevillam

189 2135 298 2192 noctu
319 2122 387 2194 isse
406 2147 472 2222 per
487 2124 728 2223 exploratores
748 2122 937 2215 didicerat,
959 2125 1138 2194 continuo
1154 2147 1249 2194 com·

187 2258 291 2334 pares
322 2262 406 2309 suos
438 2266 446 2309 ι
475 2240 666 2312 Henricum
698 2253 734 2312 et
762 2237 931 2311 Odonem
964 2253 1073 2335 atque
1101 2238 1248 2310 Guillel·

187 2372 289 2420 mum
306 2351 381 2448 (2),
402 2353 551 2451 impiger
568 2353 673 2445 adiit,
695 2354 863 2426 hostilem
881 2354 1071 2426 transitum
1086 2355 1141 2425 eis
1160 2354 1248 2424 noti·

188 2463 326 2557 ficavit,
351 2489 393 2538 ac
420 2483 460 2540 ut
484 2469 519 2539 in
542 2469 660 2541 reditu
689 2471 841 2542 inimicis
867 2469 1005 2542 domini
1029 2472 1086 2542 sui
1116 2471 1249 2567 regium

188 2581 364 2653 tramitem
376 2581 469 2655 ferro
484 2584 798 2677 calumniarentur,
818 2610 1044 2683 summopere
1061 2586 1245 2683 persuasit.

187 2697 240 2768 llli
258 2713 378 2781 autem
394 2724 477 2770 cum
493 2699 661 2796 subjectis
677 2701 845 2772 centuriis
862 2714 1040 2796 gratanter
1057 2699 1248 2798 adquieve-

188 2829 287 2906 runt,
310 2829 346 2886 et
364 2838 477 2914 prope
499 2819 655 2911 Burgum
676 2815 847 2887 'lburoldi
863 2816 918 2911 (3)
941 2815 1102 2913 speciose
1123 2817 1246 2889 armati

223 3134 263 3197 (t)
277 3133 313 3186 la
321 3133 393 3187 soret
401 3133 436 3187 de
447 3132 597 3187 Brotoone.
606 3162 641 3174 -
650 3133 674 3187 ll
682 3144 723 3186 est
732 3133 858 3187 d'autant
869 3133 930 3205 plus
940 3134 1122 3204 etrangeque
1130 3130 1249 3186 Galerm

189 3235 216 3270 se
230 3221 283 3273 soit
295 3223 374 3292 porti
386 3224 402 3274 a
414 3239 458 3275 ces
471 3220 615 3285 violentos,
631 3239 686 3294 que
699 3220 722 3274 la
736 3221 808 3275 soret
819 3222 856 3274 lui
868 3220 1051 3292 apparteoait.
1068 3219 1249 3272 laesouuiers

188 3305 256 3376 qu'il
275 3326 293 3377 y
317 3307 454 3363 maltraita
473 3318 502 3363 et
522 3307 636 3375 mutila,
663 3309 845 3363 travaillaient
869 3306 1081 3380 probablemeut
1102 3323 1178 3378 pour
1202 3321 1249 3360 aon

189 3405 310 3465 compte.

223 3484 261 3555 (Ξ)
282 3484 370 3538 Henri
382 3485 416 3540 de
427 3487 570 3555 Pomerei,
585 3487 669 3543 Odon
686 3484 805 3558 Borleng
817 3496 846 3540 et
856 3484 1018 3541 Guillaume
1030 3482 1067 3537 de
1079 3484 1233 3543 liareourt.

224 3573 263 3641 (3)
282 3572 319 3625 Le
333 3571 551 3644 bourgteroude.
570 3575 651 3630 Cette
670 3573 781 3629 bataille
797 3574 840 3629 sut
857 3572 940 3627 livree
955 3590 1003 3626 sur
1020 3571 1045 3627 le
1062 3571 1204 3626 territoire
1216 3568 1251 3626 de

190 3659 423 3733 Rougemontier,
436 3678 544 3717 comme
557 3681 627 3717 nous
638 3663 664 3719 le
674 3680 789 3716 verrens
801 3662 965 3716 ci-dessous.

224 3748 312 3803 Notre
323 3757 423 3801 auteur
434 3750 556 3805 attribue
567 3761 628 3805 tout
639 3751 788 3805 l'honneur
799 3751 835 3805 de
846 3760 918 3805 cette
926 3751 1046 3819 jour-nee
1056 3751 1072 3802 a
1084 3746 1205 3802 Rannlfe
1217 3746 1253 3802 de

190 3837 376 3912 liriquessart,
392 3838 459 3891 isos
469 3836 634 3894 licutenants
643 3849 671 3895 et
681 3843 696 3893 a
707 3839 869 3896 Guillaume
880 3838 915 3892 de
927 3839 1077 3893 Harcourt„
1089 3837 1126 3890 La
1140 3835 1253 3908 plupart

189 3925 237 3981 des
249 3938 343 3981 autres
356 3926 507 3981 historiens
524 3946 540 3994 y
559 3927 620 3981 lont
634 3929 787 3983 intervenir-
800 3926 959 3982 Guillaume
976 3925 1010 3979 de
1026 3923 1204 3979 Tancarville
1216 3942 1251 3978 en

189 4017 326 4071 cremium
342 4016 431 4086 ligoe;
450 4017 517 4069 mais
534 4014 559 4069 lc
575 4017 644 4069 rdcit
661 4019 931 4072 tris-circonstancie
948 4015 1098 4072 d‘Orderic
1113 4013 1192 4068 Vital
1206 4030 1250 4075 re·

276 4122 288 4159 r
301 4104 512 4177 ronrpletetuent
526 4114 597 4158 cettc
610 4108 753 4162 assertiou.
