2888 4934
87 438 195 516 [1100]
455 434 573 495 LIBER
594 436 780 498 DECIMUS.
1106 436 1146 492 ⁸7

86 564 284 665 vipendens
309 568 428 662 itaque
451 567 588 638 monita
607 567 806 650 seniorum,
833 567 1023 636 immemor
1047 564 1147 661 quod

85 696 168 754 ante
193 682 334 754 ruinam
358 681 529 756 exaltatur
551 707 628 773 cor,
654 682 700 756 de
726 685 815 757 serie
837 681 1034 755 litterarum
1058 705 1148 780 quas

85 798 261 887 audierat,
283 799 393 870 dixit:
415 801 530 870 Miror
547 798 638 870 unde
651 799 793 871 domino
810 825 886 870 mco
904 798 1046 869 Scrloni
1061 798 1128 868 tol'

86 912 267 984 narrandi
291 915 450 987 voluntas
475 932 601 987 exorto
625 933 699 1004 cst,
730 919 793 1015 qui
822 942 909 1002 uere,
943 930 982 985 ut
1007 918 1145 1012 opinor,

85 1025 197 1099 honio
221 1027 328 1100 obbas
353 1046 391 1101 et
411 1046 572 1102 maturus
601 1033 721 1102 senior
749 1047 812 1102 est.
842 1035 901 1101 En
925 1028 1150 1127 simplicitate

86 1144 212 1230 nimio,
234 1145 332 1230 milri,
354 1160 405 1216 tot
419 1148 565 1243 negotiis
579 1162 758 1245 occupato,
776 1148 916 1218 somnio
928 1149 1146 1218 stertentium

87 1257 228 1346 retulit,
262 1277 299 1331 et
317 1261 515 1357 perplura
543 1278 721 1333 terrorum
748 1259 866 1360 spotiu
889 1264 1021 1360 scripto
1041 1263 1147 1333 enom

87 1373 223 1442 inserto
247 1372 441 1446 destinarit.
473 1382 569 1448 Num
587 1379 759 1475 prosequi
778 1403 835 1448 mc
860 1379 968 1448 ritum
991 1390 1149 1447 autumat

95 1485 299 1583 lngiorum‚
321 1491 384 1587 qui
391 1514 464 1586 pro
478 1492 732 1561 sternutatione
748 1507 786 1562 ct
801 1494 938 1562 somnr‘o
957 1490 1150 1562 retulmum

87 1603 272 1672 ‹linrittunt
291 1604 358 1673 iter
377 1629 498 1693 suum,
522 1631 583 1676 scu
607 1608 808 1703 negotium?

135 1718 199 1788 His
217 1716 340 1808 dictis,
360 1718 454 1791 celer
470 1721 634 1811 surrexit,
654 1734 688 1793 et
704 1721 937 1821 cornipedem
955 1721 1010 1817 (l)
1025 1747 1149 1793 ascen·

87 1833 190 1924 dens,
207 1837 243 1907 in
259 1835 384 1907 silvam
399 1836 586 1909 festinavit.
602 1838 777 1910 Henricus
792 1862 927 1922 comes,
945 1837 1050 1909 irater
1062 1839 1148 1933 ejus,

87 1966 121 2023 ct
137 1951 350 2024 Guillelmus
369 1953 415 2025 de
434 1954 578 2027 britolio
597 1952 670 2050 (2),
689 1953 819 2050 aliique
837 1952 990 2025 illustres
1008 1952 1057 2025 ibi
1076 1955 1151 2026 iue-

87 2083 192 2160 runt,
211 2071 248 2140 in
264 2070 393 2142 saltum
409 2087 655 2168 perrexerunt,
677 2086 712 2143 et
728 2086 916 2144 venatores
929 2096 994 2169 per
1013 2072 1152 2143 diversa

88 2186 152 2257 rite
163 2185 245 2257 loca
255 2184 413 2284 dispersa
424 2188 479 2283 (3)
489 2202 585 2259 sunt.
600 2192 763 2284 Cumque
774 2212 837 2259 rex
850 2202 884 2259 et
895 2187 1095 2259 Gnalterius
1106 2187 1152 2258 de

87 2301 168 2372 Pice
180 2324 266 2372 cum
280 2303 402 2399 paucis
415 2301 598 2374 sodalibus
613 2303 651 2373 iu
664 2328 811 2375 nemore
827 2304 1008 2374 constituti
1022 2316 1149 2391 essent,

87 2430 123 2487 et
138 2417 267 2488 armati
283 2416 439 2515 praedam
458 2417 562 2489 avide
578 2433 820 2516 expectarent,
842 2416 961 2490 subito
981 2419 1073 2489 inter
1090 2441 1152 2488 eos

87 2546 256 2603 currente
274 2532 364 2619 fera,
384 2526 447 2603 rex
463 2531 509 2602 de
525 2546 618 2604 statu
634 2557 701 2605 suo
719 2534 881 2623 recessit,
901 2548 937 2605 et
952 2532 1151 2604 Gualterius

87 2646 250 2742 sagittam
261 2646 388 2718 emisit.
401 2650 501 2736 Quae,
514 2672 621 2745 super
631 2646 780 2719 dorsum
791 2648 871 2719 serae
881 2664 992 2720 setam
1007 2647 1149 2734 radens,

87 2760 212 2858 rapide
228 2758 373 2848 volavit,
391 2775 499 2857 atque
516 2786 636 2857 regem
655 2788 675 2833 e
692 2763 837 2859 regione
850 2777 1003 2833 stantem
1021 2760 1153 2830 lethali-

87 2889 141 2947 ter
151 2873 364 2947 vulneravit.
381 2877 451 2964 Qui
463 2902 546 2948 mox
560 2877 606 2949 ad
620 2892 751 2948 terram
764 2877 903 2967 cecidit,
919 2890 954 2948 et
964 2878 1039 2946 sine
1052 2899 1152 2946 mora

86 2989 316 3087 prohdolor!
331 2992 532 3090 exspiravit.
548 2997 628 3063 Uno
641 2994 761 3089 itaque
773 3005 951 3090 prostrato
962 2991 1149 3087 terrigena,

87 3101 127 3175 lit
155 3103 353 3177 multorum
382 3108 581 3178 commotio
608 3108 784 3195 maxima,
820 3104 1072 3202 horribilisque
1106 3105 1152 3176 de

87 3245 177 3292 nece
204 3222 373 3321 principis
402 3222 539 3296 clamor
563 3222 752 3321 perstrepit
780 3223 817 3293 in
847 3221 946 3294 silva.
981 3222 1153 3293 Henricus

86 3337 231 3408 concito
254 3362 360 3409 cursu
384 3337 431 3410 ad
453 3362 571 3411 arcem
596 3338 809 3409 Guentoniae
835 3337 913 3434 (t),
943 3334 1003 3408 ubi
1027 3335 1153 3433 regalis

87 3449 276 3523 thesaurus
299 3452 563 3540 continebatur,
583 3452 777 3542 festinavit,
796 3466 831 3524 et
853 3450 970 3523 claves
991 3451 1085 3546 ejus,
1114 3465 1153 3522 ut

122 3722 162 3791 (l)
181 3721 229 3777 Gl.
244 3723 295 3776 int.
309 3747 314 3775 :
330 3742 440 3797 equom.
458 3722 506 3779 On
523 3732 623 3777 trouve
641 3725 656 3776 a
676 3720 703 3775 la
719 3721 879 3776 mancbette
897 3719 922 3775 la
940 3720 1076 3794 rubrique
1093 3723 1152 3774 sui—

88 3821 170 3864 vante
181 3809 218 3865 de
230 3810 257 3864 la
269 3811 360 3866 meme
373 3813 495 3867 teriture
506 3835 512 3865 ε
525 3817 564 3865 Dc
574 3810 651 3867 obitu
663 3830 712 3866 seu
722 3813 836 3866 interitu
849 3810 993 3865 Guillclrni
1001 3809 1069 3883 Rufi
1078 3813 1153 3882 regis

90 3897 349 4055 Aigloiiuu'iilaume
360 3986 396 4042 de
408 3987 546 4055 Breteuil‚
561 3987 603 4042 fils
614 3986 649 4042 de
660 3985 1002 4044 Guillaumc·Fit1·0rber
1010 4004 1053 4040 ne.

123 4071 164 4143 (3)
184 4072 261 4127 Lisez
276 4097 281 4125 z
295 4073 426 4145 dispcrsi.

124 4159 166 4230 (t)
186 4160 376 4219 Winchester.
