3130 5058
360 513 420 572 228
639 509 822 571 HISTORIA
845 506 1153 572 Ecctnsttsttcn.
1318 519 1420 596 [1106]

361 643 443 712 tutis
469 639 513 712 de
533 661 610 711 meo
626 642 776 740 singulis
797 646 905 714 annis
925 646 963 716 in
983 643 1123 742 Anglise
1143 648 1274 718 aerario
1295 648 1418 743 recipe.

361 755 520 854 Dupibus
550 772 587 826 et
612 755 704 828 ludr‘s
731 773 768 829 et
795 761 930 830 cunctis
955 774 1079 856 postea
1107 785 1249 834 securus
1275 761 1420 834 obiectu·
1542 775 1546 801 “

360 873 487 941 mentis
501 869 589 966 frui
600 874 750 966 poteris.
775 877 850 972 Ego
865 888 988 943 nutem
1008 875 1231 946 imminentes
1245 900 1320 972 pro
1335 901 1423 973 paor

361 984 496 1057 labores
521 983 692 1072 tolerabo,
720 986 848 1086 tibique
865 991 1045 1084 promissa
1064 991 1257 1088 quiescenti
1272 992 1353 1062 sine
1368 989 1422 1062 de-

348 1097 508 1194 fictione
520 1099 738 1196 procurabo,
763 1099 963 1202 rabiemque
983 1102 1256 1201 malignantium
1262 1157 1274 1190 ,
1300 1129 1347 1176 ne
1361 1129 1422 1201 po-

355 1215 482 1310 pulum
499 1217 570 1285 Dei
584 1214 788 1314 suggillent,
811 1216 949 1288 amitto
965 1217 1044 1315 ejus
1056 1216 1156 1315 juste
1172 1216 1368 1313 courtubo(
1393 1219 1419 1315 ).

407 1334 489 1400 Haec
506 1329 669 1422 audiens,
688 1331 760 1403 dux
777 1331 997 1404 consiliarios
1013 1355 1098 1404 suos
1114 1333 1288 1422 accersiit,
1303 1334 1422 1430 eisque

359 1443 527 1516 mandata
560 1445 652 1543 regis
684 1445 814 1519 retulit.
851 1448 1015 1518 Protinus
1049 1447 1101 1519 illi
1133 1446 1303 1519 mandata
1335 1449 1421 1546 regis
1545 1453 1546 1472 ¹

359 1557 641 1651 abhorruerunt,
661 1575 696 1632 et
713 1560 986 1634 contumacibus
1001 1561 1105 1634 dictis
1121 1560 1271 1652 ducem,
1288 1587 1337 1634 ne
1355 1587 1423 1634 ser·

359 1672 528 1745 monibus
549 1675 647 1772 pacis
665 1674 943 1775 obsequeretur,
966 1691 1183 1749 averterunt.
1204 1678 1423 1750 Renuncian·

361 1785 454 1860 tibus
472 1788 596 1885 legatis
617 1790 717 1887 quod
736 1790 828 1880 dux,
855 1791 982 1888 suique
1004 1791 1162 1864 lautores
1185 1815 1260 1863 uon
1279 1815 1419 1889 pacem,

360 1903 423 1974 sed
440 1903 575 1975 bellum
597 1904 817 1976 omnimodis
837 1921 1016 2006 optarent,
1037 1931 1113 1999 rex,
1133 1911 1211 1980 Deo
1229 1930 1306 1978 sese
1327 1931 1422 1980 com·

360 2020 548 2111 mundans,
567 2023 616 2092 ait
633 2049 641 2092 :
659 2024 767 2094 Novit
776 2024 998 2119 omm'potens
1011 2029 1120 2110 Deus,
1139 2026 1178 2094 in
1189 2047 1294 2121 quem
1306 2023 1419 2112 credo,

360 2135 457 2235 quod
459 2127 709 2233 pro'desolutae
716 2135 829 2234 plebis
840 2137 1063 2210 subventione
1071 2139 1134 2212 linc
1144 2155 1323 2211 certamen
1333 2143 1418 2212 ineo.

361 2255 482 2348 Ipsum
501 2253 685 2322 Factorum
704 2268 863 2323 nostrum
885 2254 1011 2324 intimo
1030 2251 1134 2326 corde
1153 2253 1300 2352 deposco
1318 2271 1356 2326 ut
1372 2253 1424 2326 illi

361 2364 417 2436 det
436 2369 616 2438 victoriam
633 2370 671 2438 in
686 2369 854 2460 conflictu
868 2367 1049 2457 hodierno,
1062 2395 1132 2468 per
1144 2395 1247 2468 quem
1259 2395 1325 2442 suo
1342 2385 1421 2440 tute-

363 2479 436 2552 lam
451 2499 487 2554 et
503 2485 655 2580 quietem
671 2480 824 2554 decrevit
840 2480 929 2554 dare
941 2484 1058 2581 popul
1091 2485 1160 2580 (2).

398 2743 439 2814 (l)
455 2741 533 2796 Nous
543 2757 580 2796 ns
593 2755 691 2796 savons
702 2740 724 2795 si
736 2757 770 2812 pe
781 2757 904 2815 message
914 2751 956 2798 est
967 2740 1167 2814 authentique;
1183 2740 1284 2796 maisit
1298 2735 1422 2796 e'taitim·

365 2829 486 2906 possible
501 2829 547 2902 d'y
561 2829 630 2885 laire
643 2840 738 2885 entrer
751 2829 813 2907 plus
825 2830 1011 2904 d'hypoorisie
1024 2841 1053 2886 et
1065 2830 1100 2886 de
1113 2829 1215 2886 dedniu
1227 2834 1243 2885 l
1255 2829 1281 2886 la
1293 2830 1356 2886 sois.

395 2921 437 2990 (2)
455 2915 503 2975 On
520 2919 578 2973 voit
592 2937 643 2991 par
656 2935 688 2973 ce
701 2936 829 2992 passage,
850 2929 879 2974 et
895 2938 946 2993 pur
961 2919 1107 2993 beaucoup
1120 2918 1258 2985 d'autres,
1278 2936 1335 2994 que
1349 2927 1424 2972 noue

363 3016 465 3062 auteur
476 3007 587 3080 preuait
598 3025 633 3061 au
645 3006 753 3062 sericus
766 3006 805 3062 les
816 3007 1013 3081 protestatione
1021 3007 1182 3080 hypocritas
1193 3005 1229 3061 de
1241 3005 1341 3062 Heuri.
1354 3007 1424 3061 Tout
1547 3015 1548 3034 ¹

364 3093 390 3150 le
402 3093 495 3168 cletus
505 3093 653 3160 Normand
662 3094 775 3152 tormait
786 3093 836 3152 des
848 3112 928 3150 voeux
939 3110 1014 3168 pour
1023 3111 1052 3150 sa
1063 3113 1153 3160 cause,
1167 3095 1258 3150 moins
1267 3111 1369 3150 encore
1381 3111 1425 3166 par

365 3181 437 3235 suite
450 3179 485 3235 de
499 3181 641 3257 l’borreur
656 3199 712 3256 que
728 3179 766 3235 lui
780 3182 946 3256 inspirsieut
961 3181 1001 3238 les
1017 3199 1121 3238 nroeuss
1136 3181 1314 3238 lieeucieuses
1326 3192 1355 3238 et
1366 3181 1425 3236 l’iu·

365 3269 493 3342 croysble
508 3265 696 3326 laisum-aller
710 3269 745 3324 de
762 3267 883 3337 Robert,
903 3272 967 3346 qu’i
984 3273 1075 3328 raison
1092 3270 1128 3325 de
1143 3271 1279 3326 l’abseuco
1295 3269 1427 3344 complete

364 3358 401 3415 de
416 3359 520 3432 pollue,
535 3361 584 3434 qui
596 3358 699 3415 laissait
711 3360 752 3415 les
766 3362 921 3434 proprietas
933 3371 962 3416 et
972 3362 1013 3416 les
1023 3377 1174 3438 pertenues
1186 3359 1426 3433 ecclesiastiquesl

364 3445 392 3502 is
403 3448 490 3504 merci
503 3447 542 3504 du
556 3448 680 3520 premier
691 3465 773 3503 venu.
784 3448 808 3504 Il
821 3449 867 3522 u’y
880 3458 928 3506 eut
942 3467 990 3523 pus
999 3449 1129 3524 jusqu'au
1141 3465 1211 3523 pepe
1222 3447 1318 3506 Pascal
1330 3449 1368 3517 ΙΙ,
1381 3447 1425 3520 qui

367 3554 403 3591 ne
423 3535 536 3616 poussit
550 3535 640 3592 Heuri
662 3537 678 3590 a
700 3537 817 3593 uchever
836 3536 872 3593 de
892 3536 1048 3611 depouiller
1068 3555 1118 3594 sou
1138 3535 1321 3594 maiheureux
1336 3536 1424 3592 tren:

368 3621 546 3678 Asseverans
565 3641 621 3678 non
629 3622 699 3697 sore
721 3623 839 3694 bellum,
858 3624 912 3680 sed
929 3627 1078 3698 proecluroe
1094 3627 1198 3698 patrita
1216 3621 1427 3698 praedicundum

368 3711 603 3767 emolumentum:

402 3801 440 3856 Le
461 3799 554 3874 clergl
574 3800 646 3855 avait
665 3817 722 3855 une
741 3801 882 3856 troisieme
898 3819 979 3858 cause
997 3801 1297 3876 d’autipathiecoutrc
1309 3799 1424 3860 nosen.

367 3891 457 3948 savoie
469 3913 474 3944 :
486 3884 513 3946 le
526 3889 602 3946 relus
614 3887 684 3965 qu'il
695 3891 768 3944 aruit
779 3889 828 3946 lait
839 3890 878 3946 du
889 3909 1021 3963 royaume
1033 3890 1069 3945 de
1079 3889 1242 3958 Jerusalem,
1257 3888 1353 3964 quand
1363 3887 1426 3947 illui

367 3979 412 4036 lut
425 3979 506 4035 offert
516 3979 597 4052 apres
612 3976 639 4032 la
655 3977 793 4050 conquete
807 3977 842 4032 de
855 3989 927 4034 oette
940 3980 1017 4047 ville,
1036 3989 1118 4034 avant
1129 3989 1193 4035 tout
1210 3989 1291 4035 autre
1303 3979 1397 4044 choix,
1413 3979 1426 4031 i

369 4057 450 4123 eause
467 4065 502 4121 de
518 4083 547 4122 sa
563 4064 666 4142 qualite'
679 4063 714 4119 de
727 4063 769 4119 fils
782 4063 818 4119 de
830 4066 883 4120 roi.
900 4065 948 4122 Ou
963 4067 1080 4141 regards
1094 4079 1156 4122 tous
1171 4065 1210 4121 les
1225 4067 1367 4122 malheurs
1382 4066 1427 4139 qui

368 4155 562 4223 l'assaillirent,
577 4154 668 4210 meme
681 4151 707 4206 lu
719 4162 798 4226 perte
809 4152 845 4208 de
858 4153 883 4209 la
895 4154 1006 4210 bataille
1019 4154 1054 4210 de
1065 4154 1236 4210 Tiuchebrai
1249 4165 1278 4210 et
1289 4173 1318 4210 sa
1331 4156 1429 4227 longae

370 4256 398 4300 et
408 4245 478 4301 dure
490 4242 629 4317 captivite',
642 4259 751 4296 comme
762 4239 788 4298 la
795 4241 871 4312 juste
882 4241 1012 4316 punition
1022 4241 1058 4298 de
1067 4261 1099 4300 ce
1108 4243 1195 4298 crime
1206 4241 1242 4298 (le
1253 4241 1429 4314 letmajeste'
