2888 4934
87 405 194 486 [roos]
399 464 403 468 ,
454 401 574 465 mnan
594 402 781 467 necinus.
1106 409 1146 471 aa

87 562 180 610 xxxv
195 536 298 610 annis
312 535 518 634 praesulatus
529 533 687 609 officium
701 538 858 611 exercuit
871 537 903 633 (l
912 537 939 634 ),
951 538 1149 638 studiisque

84 653 189 726 honis
210 652 435 726 inducendo
457 670 494 726 et
517 654 680 728 iaciendo
703 653 902 752 specialiter
924 655 1062 728 institit.
1088 660 1150 729 Ec·

84 767 228 840 alesiam
248 768 359 840 sancti
374 770 548 859 Gervasii,
569 768 630 842 ubi
646 793 777 867 corpus
797 769 916 843 eximii
936 770 1150 843 confessoris

84 882 216 957 Christi
243 883 373 956 Juliani
405 885 615 982 requiescit,
641 884 761 957 multis
785 883 903 957 modis
927 883 1151 958 laudabiliter

84 996 286 1088 decoravit3
306 1025 417 1097 quam
429 1000 1061 1100 postmodum,temp0reGuiuma1i
1076 1002 1151 1072 Bri·

85 1115 196 1205 tonis,
214 1117 429 1189 successoris
440 1118 507 1207 sui,
522 1118 584 1215 qui
598 1116 667 1189 alio
682 1116 829 1188 nomine
842 1113 961 1187 Guido
978 1115 1025 1187 de
1040 1118 1152 1189 Stam-

83 1229 137 1326 pis
157 1229 358 1329 appellatur
376 1232 444 1329 (2),
464 1232 654 1306 dedicavit.
675 1236 822 1320 Verum,
842 1231 994 1329 pencatis
1012 1231 1151 1328 exigen-

84 1342 199 1435 tibus,
223 1371 332 1444 quam
355 1345 537 1421 bonorum
558 1348 761 1421 exercitatio
784 1345 916 1423 affatim
943 1346 1148 1436 decoravit,

84 1461 263 1559 variisque
274 1462 322 1535 ad
337 1460 516 1536 honorem
529 1465 596 1536 Dei
609 1463 828 1540 ornamentis
843 1461 982 1552 ditavit,
995 1478 1077 1560 post
1087 1487 1150 1534 vus

83 1598 201 1658 anuos
219 1576 468 1667 dedicationis,
483 1577 704 1671 incendium,
721 1604 795 1676 quo
810 1602 939 1675 magna
952 1602 1035 1675 pars
1053 1575 1151 1649 urbis

83 1708 303 1792 ounsumpta
316 1709 388 1785 est,
406 1694 629 1794 deturpavit,
647 1693 882 1792 horribilique
898 1693 1010 1766 modo
1028 1692 1152 1765 devas-

83 1809 171 1880 tavit
185 1807 255 1906 (3).

121 1927 239 1996 ‚Anno
264 1923 313 1998 ab
339 1928 588 2001 lucaruatione
613 1927 761 1999 Domini
789 1933 899 1999 u⁰xe⁰
912 1930 1012 2015 νηΐ,
1040 1922 1152 1995 indie·

82 2039 183 2113 tinne
195 2050 262 2131 π’,
277 2040 394 2114 Helius
407 2066 542 2132 eomes,
560 2041 789 2115 hebdomada
803 2040 1029 2140 praecedente
1039 2043 1152 2137 Roga-

82 2153 201 2229 b'unes
220 2154 289 2252 (4),
310 2157 576 2256 expeditionem
600 2182 709 2257 super
732 2157 955 2232 liodbertum
979 2156 1078 2246 feeit,
1095 2170 1148 2242 et,

81 2267 176 2342 facto
203 2271 384 2365 discursu,
407 2289 491 2373 post
514 2298 650 2348 nonam
675 2299 761 2347 suos
785 2297 944 2349 remeare
968 2273 1147 2370 praecepit.

82 2385 153 2459 lllis
167 2402 292 2462 autem
303 2389 553 2482 redeuntibus,
569 2415 704 2481 eomes,
724 2415 807 2466 eum
826 2406 965 2490 septem
981 2389 1152 2462 militibus

80 2516 247 2579 sturme
267 2530 332 2578 sua
353 2521 576 2605 segregatus,
603 2532 719 2606 prope
741 2506 966 2604 Dangeolum
987 2505 1149 2594 divertit,

82 2615 225 2717 ibique,
250 2621 289 2694 in
306 2621 499 2695 condensis
521 2622 709 2696 arboribus
736 2639 773 2697 et
792 2624 951 2699 frutectis
972 2623 1153 2695 latitantes

82 2734 263 2831 qtaosdam
274 2737 415 2829 avertit,
431 2739 469 2810 iu
482 2763 572 2837 quos
592 2740 711 2812 statim
728 2763 812 2813 cum
828 2739 953 2837 paucis
968 2735 1152 2808 sodalibus

83 3005 155 3045 unt
166 2989 493 3070 puniuntulairement
503 2992 632 3066 designes
644 2994 697 3060 ici,
712 3002 776 3048 sont
790 3016 796 3046 ι
809 2992 852 3046 De
864 2991 1039 3064 querimonia
1050 2997 1078 3046 et
1086 3007 1153 3046 eon·

73 3075 161 3146 stetu
169 3081 266 3134 camis
278 3088 306 3134 el
318 3082 445 3152 spiritus,
459 3091 489 3136 et
502 3105 508 3135 z
523 3082 566 3136 De
579 3091 703 3160 qpatuor
713 3081 862 3136 virtutibus
874 3082 938 3134 vitoe
950 3078 1086 3136 honeslae.

117 3163 160 3236 (4)
175 3164 200 3220 ll
213 3178 330 3222 mourut
344 3167 370 3222 le
384 3172 417 3226 48
432 3167 580 3225 decembre
592 3171 662 3227 4434

118 3253 159 3324 (2)
176 3251 237 3308 Gui
256 3253 416 3328 d'Etampes
435 3259 627 3327 (44464436).
653 3257 677 3312 ll
699 3255 789 3331 paralt
807 3273 863 3330 que
881 3255 1024 3311 Guiumar
1041 3253 1109 3309 etait
1125 3251 1152 3308 la

79 3340 174 3397 {neme
185 3341 328 3400 Bretonne
336 3344 378 3400 du
391 3363 459 3402 nom
472 3345 509 3401 de
521 3347 592 3403 Gui.
606 3345 686 3402 Nous
696 3364 733 3401 en
744 3361 860 3401 verrunt
876 3343 998 3398 d’antres
1013 3340 1153 3416 exemplet

81 3427 154 3489 dant
168 3441 252 3487 noue
264 3443 375 3490 auteur.
390 3434 440 3492 On
458 3437 533 3491 croit
548 3453 604 3510 que
618 3454 650 3491 ce
663 3434 754 3509 pratu
768 3433 837 3491 etait
848 3434 1000 3507 originaire
1016 3431 1152 3505 d'Angle·

82 3525 169 3573 terre
183 3519 263 3574 Noua
274 3537 371 3577 munus
380 3522 450 3597 qn‘il
460 3544 477 3597 y
492 3524 523 3578 lit
534 3542 576 3579 sea
589 3523 702 3592 etudes3
713 3523 781 3578 mah
792 3540 863 3578 nous
873 3537 994 3596 pensons
1004 3518 1073 3595 qu’il
1083 3519 1153 3574 etait

83 3600 225 3678 d’origine
238 3607 400 3683 Frauqaise,
415 3610 536 3685 puisque
552 3629 584 3666 ce
603 3610 647 3666 lut
664 3609 704 3665 du
721 3611 816 3677 Mans,
832 3610 870 3663 od
888 3607 908 3662 il
924 3609 993 3663 etait
1009 3605 1084 3661 eleae
1101 3623 1153 3680 par

79 3689 248 3763 ffitdebm,
266 3695 336 3770 qu'il
353 3698 440 3770 partit
457 3716 531 3772 pour
549 3697 618 3754 aller
633 3697 757 3772 prendre
775 3698 816 3753 les
832 3696 926 3770 leqons
943 3695 979 3750 de
998 3694 1071 3749 saint
1090 3695 1152 3751 An·

83 3779 179 3836 elme.
578 3829 580 3834 .

117 3872 158 3944 (3)
176 3872 326 3931 L'histoire
342 3875 379 3931 de
396 3886 469 3935 nette
485 3878 656 3953 magnilique
672 3875 832 3933 cathedrale
850 3896 865 3931 a
883 3878 928 3932 ete
943 3875 1056 3933 etudiee
1071 3875 1107 3931 de
1124 3873 1152 3928 la

82 3961 209 4016 muniere
219 3962 245 4018 la
260 3962 323 4037 plus
338 3965 535 4039 apprutoudie,
550 3965 649 4041 depuis
664 3967 799 4042 quelques
812 3967 929 4032 eunden
943 3984 994 4040 par
1006 3965 1046 4023 Μ.
1061 3962 1154 4020 4ἀΙ)4)ἑ

82 4047 179 4103 lattin
191 4058 222 4103 et
237 4051 275 4109 ll.
290 4051 326 4107 de
339 4053 378 4108 la
388 4048 468 4120 Rue,
481 4053 531 4126 qui
544 4072 579 4109 en
592 4065 637 4110 est
648 4053 831 4112 l’architecte.

115 4138 157 4207 (l)
172 4137 257 4194 Cette
268 4141 392 4197 semaiae
403 4144 604 4217 eommenqeit,
616 4162 652 4200 eu
667 4146 751 4210 4098,
768 4142 793 4200 le
806 4142 957 4199 dimancbe
968 4145 1005 4203 25
1016 4139 1095 4199 avril.
