2888 4934
198 121 410 198 [troo-1101]
495 203 497 207 Δ
543 116 662 179 LIBER
683 114 924 179 UNDECIMUS.
1202 122 1260 183 195

195 270 330 322 occani
344 247 459 321 tutior
473 247 592 321 aaut·
605 247 637 345 (t
647 248 680 345 ),
701 248 907 348 ingentique
923 272 1033 323 censu
1053 249 1184 323 ditatus
1200 251 1262 325 in-

191 363 343 436 tumuit.
1162 364 1165 368 ’

242 482 294 550 lx
308 475 446 577 [1400].
467 477 610 551 Eodem
622 492 797 578 tempore,
817 478 1018 552 Ludovicus
1029 479 1172 575 juvenis
1185 480 1258 578 (2),

187 595 374 693 permissu
389 594 500 692 patris
516 593 585 683 sui,
600 618 683 665 curn
700 594 835 693 paucis,
851 593 916 666 sed
929 594 1147 694 sapientibus
1160 596 1259 687 viris,

187 711 231 784 in
242 710 409 809 Angiiam
421 710 671 802 transfretavit,
682 725 718 783 et
727 711 802 808 regi
813 711 967 783 Henrico
979 710 1180 811 spectabilis
1192 713 1260 784 tiro

188 828 405 919 serviturus,
417 825 465 899 ad
472 827 608 899 curiam
618 827 864 923 ejusaccessit3
873 850 894 896 a
904 850 990 924 quo,
1005 842 1044 898 ut
1055 826 1148 898 iilius
1156 828 1259 924 regis,

188 940 398 1015 honorifice
418 956 602 1041 susceptus
625 956 698 1033 est,
723 956 760 1014 et
785 943 822 1013 iu
850 941 1018 1019 omnibus
1041 942 1138 1040 apud
1162 942 1263 1014 iilum

187 1056 400 1155 benigniter
415 1057 560 1131 habitus
573 1072 637 1130 est.
660 1064 791 1147 Porro,
810 1060 963 1132 nuncius
983 1059 1175 1150 Bertradae,
1195 1083 1263 1131 no·

190 1197 312 1247 vercoe
328 1164 443 1265 illius,
464 1173 684 1273 pedetentim
706 1174 809 1275 illum
833 1190 976 1247 secutus
998 1189 1068 1264 est,
1092 1191 1128 1247 et
1147 1176 1264 1273 apices

193 1289 313 1388 n'g’lio
327 1289 493 1393 Philippi,
509 1291 601 1388 regis
614 1295 846 1382 Francorum,
861 1292 1015 1389 signatos
1027 1292 1181 1364 Henrico
1191 1295 1265 1390 regi

195 1403 343 1503 largitus
351 1418 416 1478 est.
431 1407 620 1479 litteratus
630 1430 718 1480 vero
733 1432 794 1479 rex
803 1407 991 1506 epistolam
1003 1406 1087 1504 legit
1101 1407 1174 1504 (3);
1193 1432 1267 1505 qua

197 1519 368 1619 perlecta,
380 1545 466 1593 suos
478 1521 702 1594 consiliarios
711 1522 911 1612 advocavit,
927 1537 1057 1594 etcum
1070 1523 1120 1594 eis
1131 1522 1266 1595 diutim

198 1636 282 1708 satis
298 1634 464 1708 alacriter
481 1651 633 1709 tractare
649 1637 770 1734 coepit.
794 1638 834 1709 ln
853 1635 1004 1736 epistola
1022 1638 1157 1736 quippe
1174 1636 1267 1734 lege·

199 1765 250 1823 rat
272 1750 376 1848 quod
402 1750 604 1851 Philippus,
626 1778 688 1825 rex
717 1752 890 1841 Franciae,
914 1751 981 1825 sibi
1005 1752 1200 1825 mandabat
1226 1767 1267 1824 ut

199 1865 436 1956 hrdovicum,
454 1865 569 1939 filium
584 1891 704 1958 suum,
720 1867 784 1964 qui
799 1866 847 1939 ad
860 1867 996 1940 curiam
1013 1868 1089 1964 ejus
1105 1891 1264 1941 accesse-
1377 1954 1379 1958 Α

199 1994 270 2073 rat,
294 1981 636 2081 comprehenderet,
660 1998 696 2055 et
720 1983 758 2056 in
783 2006 925 2056 caruere
947 1982 1116 2055 omnibus
1138 1983 1266 2058 diebus

198 2096 278 2169 vitae
287 2120 362 2169 suae
372 2110 565 2170 coerceret.
578 2097 726 2196 Sapiens
735 2099 938 2197 sceptriger,
950 2123 1060 2197 quam
1070 2097 1266 2171 absurdum

199 2223 234 2283 et
248 2212 512 2285 inconveniens
534 2227 751 2311 praeceptum
771 2238 837 2311 per
853 2213 1045 2286 femineam
1068 2214 1265 2312 procacita-

228 2434 270 2509 [i]
289 2435 371 2491 Nous
386 2453 422 2491 ne
436 2452 622 2507 comprenons
634 2454 684 2508 pas
697 2445 839 2491 comment
854 2434 880 2491 ia
896 2446 971 2491 mort
980 2435 1018 2490 du
1035 2437 1077 2490 roi
1090 2436 1126 2490 de
1139 2436 1265 2509 Norvege

198 2523 312 2596 pourait
331 2521 354 2577 si
373 2523 575 2596 puissamment
591 2522 747 2578 consolider
765 2523 791 2577 le
809 2523 891 2579 trdne
906 2524 941 2578 de
959 2524 1048 2578 Henri
1070 2518 1117 2588 1⁶3
1138 2524 1207 2577 mais
1225 2522 1265 2577 ies

199 2622 381 2686 mnrpateurr
401 2610 548 2684 craignent
566 2620 630 2665 tout
647 2610 673 2665 le
692 2610 811 2678 monde;
832 2610 973 2667 d'aiiieurs
993 2611 1014 2667 il
1033 2613 1143 2667 existait
1161 2629 1264 2667 encore

199 2697 344 2772 banoonp
360 2697 396 2756 de
411 2698 581 2773 sympathies
599 2717 672 2772 pour
683 2698 723 2754 les
741 2699 913 2772 Norregiens
925 2698 995 2754 dans
1010 2698 1037 2754 ie
1052 2699 1124 2759 nord
1136 2699 1172 2755 de
1182 2699 1262 2756 t’an-

201 2785 330 2861 gleterre.

233 2877 270 2933 La
278 2875 462 2933 confiscation
475 2874 513 2932 du
527 2877 615 2930 trecor
626 2874 662 2929 de
675 2875 793 2947 Magnus
803 2876 900 2931 n’etait
910 2893 959 2949 pas
971 2894 1010 2931 un
1019 2886 1080 2931 acte
1087 2875 1153 2931 bien
1165 2876 1263 2944 noble,

201 2964 280 3034 mais,
299 2983 337 3020 en
355 2963 408 3021 tait
425 2964 566 3038 d'argent,
588 2964 675 3019 Henri
692 2965 762 3020 etait
781 2964 854 3019 aussi
874 2963 1020 3020 insatiable
1039 2982 1095 3040 que
1113 2983 1167 3039 peu
1184 2982 1263 3019 scru-

201 3053 311 3127 putens.

234 3141 276 3217 (2)
293 3142 336 3200 ce
352 3158 388 3197 ne
405 3141 448 3197 sut
465 3143 546 3215 point
562 3144 578 3195 a
595 3152 667 3219 cette
685 3144 809 3216 epoque,
827 3159 935 3197 comme
952 3142 978 3197 le
995 3141 1037 3198 dit
1054 3153 1136 3198 noue
1151 3153 1262 3210 auteur,

203 3233 268 3287 mais
278 3231 346 3287 bien
358 3229 408 3285 dee
420 3230 490 3285 Noe}
503 3233 583 3298 ⁴⁴00,
594 3231 691 3304 qu’eut
702 3230 759 3285 lieu
770 3226 796 3285 le
808 3248 911 3303 voyage
921 3230 956 3286 de
968 3230 1104 3303 l'heritier
1115 3231 1150 3285 de
1162 3231 1187 3286 la
1198 3249 1264 3287 cou-

202 3336 288 3376 ronne
299 3319 335 3375 de
344 3320 452 3374 France
462 3319 525 3393 pres
536 3318 575 3372 du
587 3319 628 3374 roi
641 3318 845 3392 d’Angleterre.
859 3318 899 3374 Ce
907 3319 993 3391 jeune
1006 3321 1102 3393 prince
1113 3322 1181 3376 etait
1191 3321 1263 3376 alors

201 3407 252 3483 ige
260 3407 297 3464 de
308 3409 476 3482 vingt-trois
487 3426 546 3462 aus.

231 3496 273 3568 (ὃ)
291 3497 374 3555 esus
388 3496 496 3552 lecture
510 3515 546 3552 ne
561 3496 613 3551 dut
626 3513 675 3570 pas
691 3495 752 3550 etre
765 3513 821 3551 une
836 3497 924 3570 petite
937 3495 1057 3569 besegne
1071 3513 1144 3569 pour
1161 3497 1186 3552 ie
1201 3515 1262 3552 mo·

201 3602 306 3660 narque
318 3583 425 3658 anglais
431 3607 440 3647 t
454 3604 502 3640 car
515 3603 585 3640 nous
597 3601 694 3639 savona
707 3602 758 3656 par
769 3582 933 3639 Guiliaume
945 3583 980 3638 de
993 3584 1179 3658 Malmesbury
1191 3602 1259 3659 que,

200 3671 305 3745 malgrd
316 3689 367 3728 son
377 3690 493 3728 surnom
505 3671 541 3728 de
553 3672 711 3739 Beanclerc,
728 3672 747 3726 ii
759 3690 795 3726 ne
806 3673 919 3745 ponvait
931 3672 983 3727 lire
997 3673 1078 3745 haut,
1092 3671 1262 3727 dest-adire

200 3771 406 3829 conramment,
425 3760 549 3835 pendant
562 3761 720 3833 longtemps
735 3785 740 3814 :
760 3761 890 3833 Quamvis
902 3765 962 3834 ipse
974 3781 1025 3816 nec
1039 3762 1156 3816 multum
1165 3760 1262 3830 palam

202 3847 352 3920 legeret...
