2888 4934
202 463 261 518 100
475 456 657 515 tttstottta
680 453 985 518 Etutsssttsttct.
1150 459 1259 537 [1100]

199 589 327 686 legales
341 600 499 670 noverat,
512 586 670 658 candore
677 586 784 658 vestis
791 584 969 673 notabilis,
983 585 1127 683 saepead
1137 585 1259 658 hostes

198 700 404 791 accedebat,
424 715 460 772 et
479 701 575 773 solus
594 701 762 773 cumillis
780 701 842 773 diu
860 700 1081 773 confabulari
1101 725 1176 773 non
1194 701 1259 774 du·

197 817 343 889 bitabat.
377 816 506 888 lnclusi
539 832 574 888 et
601 816 766 889 forinseci
796 817 943 888 diversis
976 816 1258 889 cavillationibus

197 949 324 1004 mutuo
343 930 612 1022 exercebantur,
637 935 830 1030 animoque
853 958 928 1005 non
952 933 1120 1005 malivolo
1145 934 1257 1007 multa

195 1046 331 1119 ludicra
347 1048 514 1144 utrinque
530 1047 767 1144 agitabantur,
785 1048 881 1119 unde
899 1051 935 1120 in
959 1049 1018 1120 illa
1035 1051 1181 1146 regione
1197 1050 1256 1122 fu-

197 1164 267 1234 turi
285 1187 352 1261 pro
372 1161 608 1233 admiratione
630 1179 664 1234 et
681 1163 914 1236 delectamine
932 1165 1136 1261 loquentur.

241 1274 399 1347 Tandem
417 1273 618 1347 Gualterius
633 1291 669 1347 et
687 1276 907 1348 Haimericus
925 1276 1076 1364 Heliam,
1093 1291 1175 1374 post
1190 1276 1255 1348 ali·

194 1390 378 1488 quotdies,
388 1393 439 1463 sic
448 1391 543 1463 allati
552 1392 1256 1478 sunttArcemmunitissimam,omnibus

194 1507 292 1579 bonis
314 1508 538 1604 opulentum,
557 1510 649 1580 sicut
667 1509 773 1580 lrerus
795 1524 914 1580 rwster
938 1508 1036 1580 nobis
1057 1512 1252 1597 commisit,

190 1650 392 1708 servamus;
416 1649 480 1695 nec
506 1649 579 1713 ros,
605 1650 668 1694 nec
690 1627 811 1695 omnia
835 1625 1120 1695 machinamenta
1142 1640 1255 1696 restra

193 1741 401 1830 tinoelimus,
418 1739 590 1838 quamdiu
602 1744 763 1811 resistere
777 1740 867 1811 vobit
877 1741 1099 1812 votuen'mur.
1117 1739 1255 1812 laedere

189 1856 332 1955 quidem
349 1881 406 1927 vor
420 1855 593 1953 lapidibus
606 1872 642 1927 et
649 1858 788 1955 sagittis
793 1881 992 1953 possumus,
1008 1860 1104 1954 quia,
1119 1859 1254 1927 inerni-

189 1974 523 2068 nentioripraetorio
536 1973 727 2057 constituti,
746 1970 836 2041 uobis
841 1972 1086 2068 praevalemus.
1105 1976 1141 2042 V
1137 1995 1251 2059 erum,

187 2111 257 2180 pro
270 2089 339 2156 Dei
348 2089 473 2156 timore
483 2103 521 2156 et
529 2086 691 2156 natarali
702 2110 834 2172 amare,
854 2084 944 2156 uobis
953 2091 1149 2182 parcimus,
1163 2112 1254 2182 prae·

190 2204 312 2270 sertim
330 2201 385 2296 (l)
402 2225 481 2271 cum
500 2204 700 2299 ignoremus
717 2203 777 2271 cui
788 2201 992 2287 militantes,
1014 2202 1107 2272 hanc
1125 2204 1268 2272 turrim

190 2339 378 2386 servemus.
407 2313 507 2385 Unde
520 2315 659 2412 justum
680 2331 716 2385 et
733 2315 818 2386 utile
838 2317 1052 2386 aestimamus
1072 2331 1114 2385 ut
1132 2329 1254 2386 mutua

194 2432 320 2500 trem'ar
342 2428 464 2500 demus
480 2446 517 2499 et
530 2432 758 2526 necmiamus,
779 2427 890 2501 donec
914 2429 1048 2528 legatur
1067 2446 1186 2500 noster
1201 2454 1255 2516 re·

190 2544 273 2615 dem
283 2571 306 2614 a
318 2543 470 2615 dominis
482 2549 612 2616 nostris
621 2545 779 2643 :Angliae
790 2561 825 2616 et
839 2548 1071 2618 Normannire
1077 2547 1254 2649 principi·

189 2658 539 2758 lus.()uip0stquam
555 2659 845 2756 reuersussuerit,
880 2664 1034 2731 aciamus
1042 2675 1152 2757 prata
1161 2663 1254 2730 ratic

189 2775 287 2846 nobis
304 2777 529 2846 intimaverit.
551 2777 612 2847 His
629 2775 757 2847 auditis
771 2777 944 2873 gaudens,
966 2775 1082 2846 Helias
1105 2774 1255 2847 Falconi

190 2890 320 2961 retulit.
338 2895 473 2962 Omnes
491 2890 576 2963 inde
592 2891 789 2964 admodum
807 2893 914 2989 gavisi
926 2907 1022 2982 sunt,
1037 2891 1252 2988 etplacitum

187 3012 479 3081 Normannorum
506 3008 657 3081 libenter
686 3022 904 3080 annuerunt.
932 3013 1249 3209 Legatumem’

184 3110 1074 3223 *duciNormanniaedircctuaait:Gualterituetll
1133 3198 1137 3208 ,
1179 3127 1254 3197 ictu

184 3264 264 3309 ‘cum
290 3241 395 3310 sociis
409 3239 580 3330 fidelibus
604 3265 723 3311 arcem
748 3242 1065 3328 Cenomannicam,
1090 3242 1183 3310 sicut
1202 3243 1253 3309 eir

190 3354 399 3425 Guillelmus
423 3379 488 3424 rea
506 3359 687 3452 praecepit,
712 3353 906 3443 observant,
932 3370 982 3438 et,
1008 3381 1031 3423 a
1052 3336 1252 3425 Cenoman-

184 3467 351 3539 nensibus
360 3484 465 3565 atque
474 3467 711 3566 Andagarinis
719 3468 857 3555 obsessi,
871 3495 895 3540 a
907 3486 939 3540 te
948 3470 1124 3538 auxilium
1132 3483 1254 3564 postu·

185 3583 286 3668 ‘aaa
317 3584 408 3652 scire
430 3598 592 3679 optantes
609 3583 697 3680 quid
708 3583 899 3655 secundum
921 3582 1134 3653 voluntatem
1154 3598 1251 3651 tuam

187 3722 291 3795 agere
302 3696 459 3768 debeant.
478 3700 521 3767 Si
528 3696 720 3794 prefatam
732 3720 852 3773 aruum
867 3702 916 3769 ms
929 3696 1068 3787 babere,
1085 3699 1165 3767 ueni
1171 3723 1251 3767 cum

188 3812 305 3884 ualida
318 3813 528 3884 bellatorum
545 3840 654 3884 manu
669 3818 720 3885 eis
736 3840 950 3902 succurrere,
963 3830 1032 3885 eta
1045 3800 1252 3886 circumval-

189 3928 341 3999 lantibus
358 3931 510 4000 ininu‘cis
525 3930 689 4001 liberare.
710 3937 744 4002 A
747 3932 880 4028 lr'oquin
900 3929 1002 4001 edoce
1019 3929 1175 4030 qualiter
1191 3954 1250 4001 να-

223 4195 262 4258 (l)
282 4189 331 4246 Gl.
346 4192 396 4243 int.
410 4213 415 4242 :
429 4194 556 4244 inarime.
