2888 4934
191 428 273 502 [uiro
292 426 385 500 1102]
559 424 676 484 LIBER
699 425 883 485 DECIMUS.
1193 426 1251 483 1³5

190 560 327 627 strenui
348 560 505 653 optiones
528 556 685 627 Ramulae
711 557 843 628 Christi
869 573 1042 652 martyres
1067 558 1186 643 fiunt,
1217 573 1252 626 et

192 669 272 741 inde
284 696 353 758 me,
372 687 410 742 ut
425 696 491 756 ros,
507 671 663 769 aliosque
665 669 808 767 fratres
818 688 955 742 nostros
967 671 1017 741 ad
1026 671 1158 741 similia
1169 697 1249 740 con·

183 783 380 879 sartorem,
400 785 565 856 violenter
581 789 783 858 emiserunt.
807 791 931 858 Hostes
955 812 1032 857 uero
1051 791 1249 883 procaciter

192 925 254 972 nas
259 903 443 998 persecuti
447 918 540 988 sunt,
553 917 589 973 et
595 902 672 989 buc,
686 918 725 973 ut
732 906 869 1000 opinor,
884 904 999 972 uem're
1008 901 1244 974 maturabunt.

192 1020 313 1102 litate,
340 1018 376 1087 si
393 1016 528 1113 placet,
556 1019 594 1087 in
616 1017 809 1090 Ierusalem
838 1018 990 1116 legatum
1018 1016 1244 1104 destinemus,

166 1229 167 1232 Ἴ
192 1144 225 1200 et
242 1131 478 1217 Patriarclrae,
500 1136 699 1230 cunctisque
704 1131 884 1228 fratribus
901 1137 1029 1205 nostris
1044 1133 1251 1204 mmulemus

192 1261 229 1315 ut
247 1244 348 1316 nobis
368 1248 407 1316 in
425 1250 606 1317 anxietate
628 1252 823 1319 corutitutis
840 1246 1084 1347 suffragentur
1103 1247 1251 1319 celerius

190 1358 315 1430 ordine
344 1385 508 1458 congruo,
545 1364 634 1433 sicut
671 1365 721 1434 eis
755 1366 1047 1434 constituerimus.
1089 1367 1251 1460 Cumque

192 1499 317 1547 omnes
338 1474 408 1548 hoc
423 1476 611 1550 laudarent
635 1479 841 1569 consilium,
871 1506 931 1552 rex
959 1480 1152 1578 quemdam
1177 1483 1252 1551 ani·

192 1614 333 1664 mosum
350 1591 416 1662 sibi
434 1593 555 1665 ascivit
574 1595 788 1691 armigerum
810 1623 818 1665 ι
840 1598 942 1681 Care,
966 1596 1100 1692 inquit,
1109 1592 1246 1690 frater,

194 1706 276 1779 rade
291 1712 330 1779 in
348 1709 557 1796 Ierusalem,
577 1727 612 1781 et
627 1710 740 1782 adduc
762 1710 859 1782 nobis
864 1710 1029 1805 fratrum
1050 1726 1249 1780 nostrorum

191 1840 369 1894 armatam
385 1824 661 1913 multitudinem,
686 1844 785 1925 teque
800 1829 869 1898 uita
881 1830 1017 1913 comite,
1039 1852 1249 1897 cumcoaue·

192 1941 361 2027 uerrirms,
374 1939 512 2036 sociam
529 1942 688 2013 militem.
711 1947 792 2013 Mox
812 1942 869 2014 ille
883 1944 1080 2039 injunctam
1099 1943 1249 2040 legatio-

191 2079 273 2126 nem
299 2055 435 2152 optime
458 2059 735 2147 consummavit,
759 2059 1013 2155 promissaque
1030 2072 1249 2129 armaturam

193 2170 324 2243 miliuae
341 2170 438 2242 haud
457 2175 610 2270 segniter
620 2174 831 2271 promeruit.

236 2285 451 2358 Execrabilis
462 2289 1246 2387 PaganorumexereitusRamulamdestruxit,

190 2415 225 2474 et
244 2425 375 2473 omnes
392 2427 484 2498 quos
507 2405 602 2474 intus
624 2420 823 2501 repererat,
845 2404 976 2476 occidit
1001 2404 1055 2476 vel
1080 2405 1116 2475 in
1139 2404 1250 2501 eapti-

191 2519 335 2589 vitatem
352 2517 463 2589 duxit.
486 2520 585 2607 lude,
600 2520 743 2591 victoria
758 2519 929 2617 turgidus,
950 2520 1075 2591 eadem
1093 2518 1151 2590 die
1167 2522 1251 2616 Jop·

190 2658 259 2731 pen
276 2635 442 2723 accessit,
463 2650 497 2705 et
514 2634 741 2707 multitudine
760 2638 813 2706 sui
834 2636 1057 2736 superficiem
1076 2634 1178 2706 terne
1195 2637 1250 2704 in-

190 2762 261 2821 star
283 2748 501 2821 locustarum
522 2753 729 2849 cooperuit,
755 2767 790 2822 et
812 2751 1033 2848 Stephanum
1055 2750 1246 2837 comitem,

191 2862 349 2962 aliosque
370 2866 431 2960 qui
448 2865 640 2937 nobiliores
656 2868 816 2938 aestimati
836 2882 931 2950 sunt,
948 2864 1157 2936 Ascalvnem
1172 2863 1250 2935 des-

191 2979 328 3050 tinavit.
347 2980 457 3051 Biduo
472 2981 597 3052 urbem
611 2981 778 3052 obsidens
791 2982 899 3068 siluit,
912 2980 1042 3076 dieque
1053 2981 1154 3050 tertia
1166 3003 1250 3049 cum

191 3092 324 3166 damno
344 3110 379 3167 et
396 3094 572 3167 dedecore
599 3097 754 3167 recessit.
777 3101 866 3166 Num
887 3095 1052 3167 custodes
1079 3096 1170 3166 arcis
1196 3099 1250 3164 la·

191 3209 281 3307 phiae
293 3211 419 3282 vexilla
431 3211 756 3308 ierosolymitanum
770 3237 878 3310 super
888 3226 1058 3283 montana
1068 3210 1248 3302 viderunt,

190 3340 224 3396 et
246 3326 392 3398 castello
422 3330 716 3424 Burgundionum
744 3329 906 3426 proxima
934 3327 1149 3425 gratulantes
1178 3330 1252 3424 regi

191 3440 400 3514 retulerunt.
418 3446 489 3515 Rex
502 3458 622 3515 autem
631 3443 804 3514 Fidelium
815 3443 1201 3531 turmamconvocavit,
1216 3456 1251 3512 et

192 3555 281 3627 virili
295 3557 542 3630 exhortatione
556 3558 808 3646 corroborans,
824 3559 873 3630 uit
886 3561 999 3630 :Luca
1013 3571 1148 3653 tempus
1163 3573 1251 3627 stre·

192 3674 271 3742 ma's
290 3672 459 3744 tirom'bus
476 3673 655 3771 optabile,
667 3691 704 3744 et
717 3673 911 3745 illustribus
932 3673 1073 3744 athletis
1087 3671 1138 3742 ad
1153 3671 1252 3742 ultio-

191 3804 270 3857 nem
285 3814 458 3860 carorum
469 3788 669 3887 probabile,
691 3787 891 3888 trintiiisque
906 3815 949 3858 uc
965 3786 1151 3872 inertibus,
1180 3786 1251 3855 vul·

185 3905 355 4000 piumque
365 3903 457 3976 dolis
473 3921 507 3975 et
518 3907 670 4002 segnicie
680 3902 853 3976 similibus
870 3900 1145 3975 satisltarribile.
1162 3905 1252 3970 Ecce

188 4035 326 4113 gratem
340 4036 423 4089 ante
432 4020 569 4116 januas
584 4019 703 4091 uidetis
718 4036 848 4090 uestras
864 4016 1107 4102 execrabilem,
1132 4017 1251 4084 Domi-

193 4157 305 4230 noque
317 4139 405 4220 Deo,
424 4134 795 4233 cttnctisquefidelrbtu
806 4135 883 4231 ejus
895 4134 1068 4204 odibilem.
1087 4135 1168 4218 Eia,
1187 4133 1253 4198 riri
