2888 4934
194 386 235 450 42
466 384 651 447 fflsrotul
672 385 978 449 ECCLESIASTICA.
1143 390 1254 468 [1097]

191 531 391 618 paraverat.
413 522 546 590 Paratae
564 515 711 615 quidem
728 517 839 618 dapes
855 517 900 590 ab
916 516 1027 589 avidis
1042 521 1255 592 comessori-

191 632 260 706 bus
286 632 483 733 ubsumptae
504 648 601 705 sunt.
630 633 700 706 Sed
727 635 845 732 ipsum
869 635 1092 706 Cenomanni
1116 637 1255 734 episco-

192 773 281 848 pum
298 748 431 823 habere
450 748 592 846 penitus
608 764 874 822 recusaverunt.
893 753 926 821 ls
946 748 1114 840 ludicatl,
1133 753 1254 848 ponti-

192 862 269 937 licis
283 865 400 955 alerae,
416 865 522 937 frater
536 865 613 956 luit,
626 879 662 938 et
672 881 755 965 post
768 865 908 938 obitum
917 864 1136 963 Guillelmi(l
1145 869 1173 965 ),
1187 871 1256 941 llo·

191 981 408 1077 tomagenris
425 979 707 1081 archiepiscopi,
725 979 1043 1079 Rotomagensibus
1060 1008 1133 1054 xvu
1151 984 1256 1057 annis

191 1096 341 1195 praeluit.

239 1212 438 1287 ildebertus
449 1226 584 1301 autem,
599 1229 846 1312 postmortem
860 1210 1060 1302 Gisleberti,
1074 1216 1257 1285 Turonen-

189 1330 240 1403 sis
252 1329 529 1428 aruhiepiscopi,
549 1328 683 1403 aolero
703 1344 739 1403 et
754 1327 891 1429 populo
909 1327 1042 1401 electus
1057 1341 1124 1417 est,
1149 1343 1255 1400 nutu·

188 1471 264 1545 qua
284 1448 369 1537 Dei,
394 1446 441 1520 de
462 1448 732 1520 Cenomannico
758 1446 914 1520 culmine
940 1445 1256 1544 metropolitanam

189 1558 313 1633 sedem
335 1561 486 1660 adeptus
508 1576 561 1633 est
578 1561 645 1657 (2).
666 1562 731 1632 llic
748 1575 954 1632 mansuetus
972 1560 1037 1633 fuit
1053 1584 1095 1631 ao
1115 1559 1256 1658 religio·

187 1699 261 1764 sus,
270 1689 306 1749 et
317 1690 390 1749 tum
399 1675 603 1750 divinarum
611 1700 721 1774 quam
729 1675 950 1748 saeoularium
964 1674 1156 1748 eruditioni
1164 1673 1257 1747 litte·

190 1815 311 1864 rurum
318 1791 499 1865 studiosus
506 1790 820 1891 (3).Temporibus
828 1792 958 1863 nostris
967 1788 1257 1887 inoomparabilie

190 1905 409 1980 versificator
426 1908 568 1998 floruit,
586 1922 623 1980 et
638 1906 751 1980 multa
766 1909 926 1980 carmina
945 1907 1070 2004 priscis
1087 1906 1259 2004 poemati·

190 2022 259 2097 bus
268 2024 494 2122 aequaliu,vel
504 2026 709 2115 eminentia,
720 2023 894 2114 condidit,
906 2049 986 2122 quae
995 2022 1151 2096 fervidus
1157 2023 1258 2096 calor

190 2140 492 2241 philosophorum
508 2124 684 2215 subtiliter
701 2142 823 2214 rimari
840 2142 994 2240 appetit,
1013 2165 1056 2213 ao
1073 2165 1184 2239 super
1197 2162 1259 2215 au·

191 2279 274 2329 rum
300 2270 337 2329 et
363 2256 531 2354 topazion
556 2255 624 2329 sibi
653 2257 874 2330 oonacieoere
901 2255 1090 2352 diligenter
1115 2253 1256 2351 satagit.

190 2369 377 2467 Eleganter
405 2372 502 2443 enim
529 2386 566 2443 et
590 2372 767 2470 sapienter
797 2370 957 2469 loquitur
986 2370 1033 2443 de
1056 2369 1197 2442 Christo
1221 2381 1259 2441 et

189 2484 359 2576 Eocleaia
377 2484 424 2557 de
439 2510 593 2585 oorpore
609 2503 646 2560 et
662 2488 795 2577 anima,
810 2485 976 2584 degestio
991 2488 1204 2558 Sanctorum
1221 2495 1259 2557 et

190 2601 380 2676 nautibus
392 2627 534 2693 eorum,
553 2603 600 2677 de
618 2603 726 2676 laude
744 2604 914 2677 virtutum
937 2618 975 2676 et
997 2602 1259 2701 vituperatione

190 2718 373 2791 vitiorum.
389 2719 599 2791 Allomanis
612 2718 875 2808 Cardinalibus,
888 2719 951 2816 qni
962 2718 1166 2815 frequenter
1178 2713 1259 2788 Gat-

191 2831 319 2906 liurum
336 2832 457 2933 plagas
473 2835 621 2926 adeunt,
634 2836 721 2933 quia
731 2850 938 2909 mansuetos
952 2834 1071 2906 illicet
1083 2830 1258 2905 obedien-

190 2958 244 3018 tes
260 2947 327 3018 sibi
344 2951 539 3049 reperiunt,
552 2949 709 3049 plurima
720 2948 919 3024 Hildeberti
934 2949 1093 3022 carmina
1106 2949 1259 3018 Romam

191 3062 465 3157 transferuntur,
483 3091 563 3164 quae
579 3067 756 3142 dicacium
773 3067 905 3140 scholis
920 3081 956 3139 et
969 3063 1157 3138 didascalis
1171 3063 1260 3150 Qui·

191 3178 300 3250 ritum
325 3179 536 3254 admiranda
559 3199 751 3257 censentur
761 3185 830 3278 (3).
851 3185 916 3254 Hic
941 3207 1040 3254 sacer
1058 3179 1166 3259 heros
1184 3178 1259 3251 lere

227 3511 266 3580 (l)
277 3509 385 3583 Malgrd
395 3509 420 3565 la
427 3510 573 3566 de'ierence
583 3510 623 3566 du
632 3523 723 3567 oomte
732 3511 813 3568 Helie
822 3529 894 3584 pour
903 3508 929 3564 le
937 3509 1020 3565 choix
1030 3507 1070 3563 dn
1079 3507 1173 3580 clergd
1181 3506 1218 3563 de
1229 3524 1259 3562 aa

192 3597 362 3667 cathedrale,
373 3598 400 3654 le
412 3617 537 3655 nonveau
551 3598 650 3673 prelat,
660 3617 711 3672 par
720 3600 792 3655 suite
800 3600 836 3654 de
845 3598 1024 3671 l'opposition
1034 3595 1070 3651 de
1079 3592 1259 3653 Guillaume·

193 3682 317 3742 lte-Roda
328 3698 356 3743 et
366 3687 417 3744 des
429 3689 498 3743 amir
511 3687 547 3744 de
559 3706 610 3743 aon
622 3689 810 3760 competiteur
821 3685 959 3754 Geoffroi,
973 3704 1009 3740 ne
1020 3685 1065 3740 fut
1078 3687 1155 3740 more
1165 3684 1260 3759 quale

188 3772 257 3846 jour
268 3772 304 3832 de
317 3776 389 3833 Nou
401 3776 437 3832 de
449 3775 474 3831 la
491 3777 583 3834 meme
595 3778 694 3831 anuee.
708 3775 733 3829 ll
747 3777 816 3833 tuit
827 3778 879 3851 ige
891 3775 1035 3832 d’enriron
1048 3785 1185 3849 quarente
1197 3790 1258 3830 ane.

229 3864 269 3934 (2)
283 3863 358 3921 Dana
370 3863 412 3919 lea
425 3865 562 3937 premiere
574 3864 646 3920 moia
658 3861 694 3916 de
707 3866 785 3920 ttao.

228 3951 269 4023 (3)
283 3952 334 4007 lau
344 3950 502 4009 nombreux
518 3969 654 4024 ouvrages
667 3960 696 4007 et
714 3948 738 4003 la
755 3952 994 4025 correspondanoe
1009 3950 1044 4006 de
1062 3968 1095 4004 ce
1107 3948 1197 4023 prdlat
1208 3960 1260 4004 ont

193 4039 240 4097 ὀίό
255 4037 366 4112 publiea
378 4057 416 4096 eu
433 4040 503 4099 ⁴7⁰8
516 4057 567 4113 par
583 4038 656 4094 Dom
668 4037 859 4111 Beaugendre.
872 4041 920 4098 On
937 4060 973 4096 en
986 4051 1115 4096 trouvera
1129 4037 1260 4111 l’analyee

281 4127 421 4187 '’dourre
437 4129 559 4184 lite'rwe
576 4125 612 4181 de
625 4125 747 4192 France,
763 4135 784 4180 t.
798 4126 855 4196 XI,
870 4147 897 4202 p.
911 4130 1044 4188 278412.
1060 4128 1109 4183 laea
1121 4125 1195 4183 reule
1209 4125 1259 4200 qni
