2888 4934
196 416 256 483 ul
467 416 649 480 msronu
672 416 977 481 scortssusrrca
1144 422 1251 499 [11⁰2]

242 549 416 621 Consules
437 563 556 621 autem
585 563 620 620 et
643 549 818 647 primores
846 547 945 644 regni
971 570 1043 618 unu
1072 570 1252 621 convene·

192 676 294 755 runt,
321 679 357 737 ct
382 662 428 737 de
455 662 677 763 pacificando
702 663 871 736 discorde
893 686 977 734 cum
1000 661 1155 747 domino
1177 686 1251 735 suo

192 778 389 853 admodum
404 793 654 852 tractaverunt.
669 779 844 851 Dicebant
853 779 950 853 enim
965 806 973 849 :
986 779 1029 850 Si
1038 802 1105 848 rex
1116 780 1253 877 magni·

181 898 298 989 ficum
307 899 469 968 comitem
477 895 643 966 violenter
652 894 834 995 subegerit,
850 895 1249 994 rimaequepertirroer'a,

192 1028 232 1082 ut
244 1029 404 1098 conatur,
424 1036 504 1081 eum
518 1008 820 1100 exhereditooerr‘t,
838 1033 959 1081 omnes
969 1023 1082 1080 nosut
1097 1006 1254 1081 imbelles

191 1127 343 1198 ancillas
369 1125 495 1198 amodo
525 1124 751 1197 conculcabit.
778 1130 908 1196 Pacem
935 1126 1043 1224 igitur
1070 1125 1167 1195 inter
1193 1146 1253 1195 eor

191 1235 317 1308 obmae
334 1262 510 1324 seramus,
538 1252 578 1307 ut
585 1237 677 1311 ‚tero
681 1291 693 1324 ,
716 1239 942 1335 comparique
961 1250 1081 1306 nostro
1099 1233 1253 1334 legitime

186 1353 429 1448 proficiamus,
451 1368 487 1423 et
501 1355 552 1423 sic
566 1367 762 1450 utrumque,
779 1350 1060 1449 perturbationes
1078 1346 1248 1437 sedonrh,

190 1467 380 1541 debitorem
396 1468 495 1541 uobis
504 1465 702 1567 foetemus.
728 1468 895 1557 Quadam
918 1492 1003 1566 ergo
1030 1466 1107 1559 die,
1131 1486 1252 1563 regem

191 1608 317 1657 omnes
332 1585 438 1658 simul
453 1585 631 1675 adierunt,
650 1585 738 1657 etin
751 1584 872 1656 modio
885 1607 1014 1682 campo
1030 1582 1252 1680 colloquium

188 1701 237 1775 de
257 1726 345 1801 pace
366 1702 571 1775 medullitus
588 1704 765 1791 fecerunt,
790 1725 832 1773 ac
853 1698 1015 1799 pluribus
1035 1698 1253 1796 argumentis

188 1819 323 1914 regiam
351 1818 591 1890 austeritatem
622 1816 781 1889 emollire
812 1815 931 1888 conati
958 1828 1055 1887 sunt.
1084 1818 1187 1885 Tunc
1212 1812 1251 1884 in

189 1935 350 2031 quodam
370 1935 535 2033 proximo
553 1933 645 2006 oolle
662 1934 728 2005 tria
747 1931 856 2003 millia
874 1930 1083 2030 pagensium
1098 1928 1253 2000 militum

190 2048 344 2140 stabant,
363 2063 399 2120 et
415 2050 628 2147 optimatum
641 2048 824 2120 molimina
837 2046 920 2118 satis
936 2044 1188 2140 intelligentes,
1205 2040 1252 2116 ad

191 2188 310 2261 regem
330 2164 561 2236 vociferando
579 2164 781 2237 clamabant
798 2192 806 2235 ι
823 2166 976 2235 Domine
995 2186 1062 2234 rec
1079 2162 1249 2247 Heun'oe,

190 2279 268 2349 noli
279 2278 518 2376 proditoribur
542 2282 617 2351 iru's
634 2277 786 2351 credere.
808 2283 1037 2376 Summopere
1057 2275 1253 2348 nwliurrtur

189 2393 348 2491 decepere
362 2411 406 2483 te,
426 2411 464 2466 et
474 2394 604 2494 regolir
611 2395 762 2494 siaru'tr'ae
777 2399 930 2493 rigorem
944 2393 1006 2465 ott
1023 2393 1158 2465 tollere.
1179 2394 1254 2463 Cur

188 2506 292 2578 autu
309 2507 407 2594 illos,
431 2510 494 2606 qui
512 2507 660 2579 suadent
677 2506 740 2580 tibi
754 2508 921 2581 traditori
929 2530 1097 2607 parcere,
1119 2523 1253 2605 tutemus

190 2627 313 2695 mortis
329 2623 609 2722 conjurationem
625 2626 768 2720 impune
778 2623 978 2696 dimittere?
993 2628 1084 2694 Ecce
1099 2646 1165 2693 uos
1176 2644 1253 2693 om·

189 2764 252 2810 nes
274 2737 337 2810 tibi
346 2738 509 2833 fideliter
529 2741 742 2826 assistimus,
767 2739 894 2838 tibique
917 2743 955 2810 iu
975 2736 1136 2809 omm'bur
1152 2733 1253 2808 odre-

188 2855 344 2928 curulore
354 2859 482 2953 parati
493 2882 625 2928 sumus.
650 2855 828 2954 Oppidum
841 2862 969 2930 acriter
981 2879 1160 2954 expugna,
1178 2870 1252 2925 tm-

189 2969 336 3044 ditorem
359 3000 407 3045 ex
430 2976 529 3044 omni
550 2990 658 3070 porte
681 2990 820 3061 coorto,
849 3000 912 3045 nec
933 2999 1061 3070 pacem
1083 2996 1165 3043 cum
1190 2968 1253 3042 ttto

186 3084 314 3174 factor,
329 3087 438 3159 donec
450 3093 576 3186 ipsum,
597 3104 662 3159 out
672 3091 781 3160 vivum
795 3105 857 3160 out
871 3105 1059 3174 mortuum,
1079 3090 1119 3157 iu
1136 3085 1253 3155 murti·

188 3197 251 3271 bus
271 3205 340 3272 tuis
362 3219 492 3275 teneas.
1100 3209 1103 3214 ’

238 3315 300 3386 His
327 3315 472 3406 auditis,
506 3344 567 3390 rex
590 3321 766 3391 animatus
787 3334 857 3410 est,
888 3344 1004 3416 eoque
1032 3327 1115 3389 mox
1148 3339 1251 3388 reoc-

189 3427 316 3517 dente,
341 3447 492 3504 conatus
513 3434 744 3507 factiosorum
771 3434 985 3520 adnihilatus
1016 3449 1080 3506 est.
1111 3427 1252 3502 Deinde

189 3544 352 3640 praeiatos
374 3547 571 3619 Gualorum
592 3575 692 3647 reges
708 3575 774 3648 per
798 3550 1028 3622 Guillelmum
1050 3545 1252 3620 Pantolium

189 3683 250 3729 rex
284 3663 450 3753 accersit,
482 3688 617 3762 eosque
651 3667 743 3739 datis
773 3665 981 3739 muneribus
1006 3681 1040 3737 et
1066 3660 1253 3763 promissis

189 3772 414 3866 demulcens,
440 3778 535 3851 hosti
557 3795 659 3852 caute
680 3783 866 3881 surripuit,
892 3805 1035 3879 suaeque
1052 3779 1144 3879 parti
1167 3800 1253 3849 cnm

188 3888 322 3961 viribus
350 3892 422 3963 suis
447 3895 646 3966 associavit.
670 3900 753 3968 Tres
778 3922 923 3995 quoquc
948 3895 1147 3994 praecipuos
1170 3914 1252 3963 mu·

188 4005 322 4104 nicipes
357 4009 560 4101 mandavit,
596 4027 631 4083 et
659 4036 782 4085 coram
817 4015 954 4086 cunctis
985 4012 1118 4108 juravit
1150 4007 1254 4106 quod

186 4121 256 4191 nisi
272 4124 447 4220 oppidum
467 4126 504 4196 in
527 4127 647 4199 triduo
670 4127 737 4199 sibi
758 4128 966 4218 redderent,
993 4151 1120 4198 omues
1139 4148 1254 4221 quos·
