2888 4934
76 113 186 190 [irre]
405 104 810 171 tresanuonscruus.
1049 109 1148 170 asa

77 241 338 344 pugnatoribus
359 243 548 315 commisit.
577 240 650 313 lllic
674 242 771 313 enim
788 237 956 327 liudulfus
972 239 1083 312 Rulus
1099 255 1135 312 et

76 360 204 431 Simon
219 357 267 431 de
281 357 423 430 ldolinis
439 358 493 454 (l)
510 357 691 429 constituti
710 356 888 455 principes
910 368 1028 446 erant,
1050 380 1135 428 cum

78 474 276 548 Gisleberto
290 472 335 546 de
348 475 495 563 Oximis,
511 474 656 570 aliisque
672 471 957 571 quampluribus,
975 473 1036 569 qui
1054 498 1137 571 pro·

78 589 189 662 bitate
217 589 454 689 probatissimi
485 589 680 687 pollebant.
713 595 752 660 ln
780 588 848 659 illis
877 587 1046 658 nimirum
1075 613 1136 659 rex
1255 596 1258 602 “

80 713 249 786 fiduciam
265 712 404 803 habuit,
426 728 461 785 et
476 712 598 784 hostes
615 737 680 810 per
697 737 759 785 eos
776 713 946 804 coercuit,
968 712 1137 810 patriam·

81 827 234 927 quesibi
251 843 449 926 surreptam
466 828 700 926 recuperavit.

128 941 325 1014 amalricus
341 956 377 1013 et
393 941 620 1031 Eustachius,
639 941 721 1013 Odo
738 941 783 1014 de
799 944 954 1013 Gomerz
971 955 1006 1013 et
1019 940 1139 1013 Guido

82 1059 193 1131 llalus
210 1059 356 1129 Vicinus
376 1058 447 1154 (2),
473 1056 602 1154 aliique
619 1058 852 1129 strenuissimi
876 1057 1004 1128 milites
1026 1056 1141 1128 Paceii

83 1172 271 1270 degebant,
289 1185 325 1243 et
342 1197 425 1243 cum
442 1172 577 1267 ingenti
596 1170 744 1243 audacia
760 1187 796 1243 et
812 1173 941 1242 virtute
958 1195 1041 1242 suos
1057 1170 1140 1241 visi·

83 1287 223 1378 want,
251 1287 449 1359 visitatione
473 1309 537 1356 sua
561 1285 829 1378 confortabant,
857 1287 1043 1383 regiosque
1065 1309 1141 1356 cas·

82 1416 218 1475 trenses
230 1402 360 1474 severis
376 1400 576 1472 incursibus
593 1400 796 1497 frequenter
811 1400 1069 1498 inquietabant.
1090 1399 1143 1469 llli

83 1516 333 1609 nihilominus,
356 1517 418 1613 qui
436 1538 621 1612 nunquam
642 1516 806 1614 imparati
827 1531 945 1606 erant,
967 1515 1141 1612 quoniam

83 1630 224 1704 assidue
242 1631 428 1702 malivolos
446 1646 542 1703 astus
558 1630 757 1702 meticulosi
773 1628 1034 1729 praecavebant,
1057 1628 1143 1700 lori·

83 1747 151 1820 cati
163 1761 199 1817 et
209 1746 347 1842 galeati,
363 1747 587 1833 adversariis,
600 1748 681 1817 saevi
693 1761 733 1819 ut
744 1746 879 1836 leones,
892 1744 1141 1839 occurrebant,

85 1877 119 1934 et
133 1862 268 1934 lanceis
284 1875 318 1933 et
334 1859 566 1932 mucronibus
579 1862 735 1957 insignes
748 1861 839 1932 ictus
854 1860 1006 1931 vicissim
1021 1861 1142 1932 misce·

84 1973 183 2048 bant.
199 1978 331 2046 Neuter
344 1974 440 2046 enim
454 1974 500 2045 ab
514 1973 624 2046 altero
639 1975 733 2046 vinci
744 1973 904 2064 volebat3
921 1974 984 2045 sed
994 1975 1145 2071 quisquo

85 2089 318 2190 probissimus
333 2089 458 2161 haberi
474 2089 641 2180 ardebat,
661 2104 696 2162 et
714 2090 762 2162 ob
779 2091 818 2162 id
834 2092 1043 2188 quotidiana
1059 2116 1146 2162 con·

85 2205 232 2278 certatio
247 2205 437 2304 plerosque
455 2206 716 2303 prosternebat.
733 2205 785 2277 lbi
799 2206 1008 2278 Guillelmus
1021 2229 1143 2303 eques,

86 2317 178 2391 lilius
192 2319 333 2415 Rogen'i
346 2319 392 2391 de
406 2321 536 2390 Sancto
553 2320 743 2391 Laurentio
761 2320 829 2416 (3),
850 2335 1057 2419 peremptus
1073 2333 1143 2408 est,

85 2435 185 2532 ottjus
202 2433 354 2505 cadaver
372 2435 409 2504 in
428 2434 581 2506 claustro
600 2434 720 2504 Sancti
741 2435 890 2505 Victoris
911 2433 1074 2529 martyris
1093 2456 1146 2504 se·

84 2551 226 2648 pultum
247 2565 311 2622 cst.
337 2550 449 2646 Hujus
468 2549 634 2621 nobilitas
657 2549 703 2620 de
725 2547 967 2621 illustrissimis
987 2546 1147 2620 Calaton-

80 2665 178 2738 stum
203 2664 397 2738 baronibus
420 2678 616 2765 propagata
640 2679 711 2756 est,
738 2678 774 2737 et
798 2664 934 2737 famosa
956 2663 1145 2736 strenuitas

111 2948 161 3021 (1)
178 2946 286 3014 Simon,
301 2948 432 3021 seigneur
443 2947 478 3002 de
492 2946 778 3004 Moutinstabtarche
790 2949 870 3022 apres
882 2966 930 3003 son
944 2948 1017 3006 lrdr'e
1029 2949 1146 3019 Robert,

65 3035 152 3095 &tait
166 3036 211 3092 fils
221 3037 255 3092 de
268 3036 428 3091 Guillaume
439 3035 474 3090 de
489 3036 610 3092 Moulins
621 3048 650 3092 et
662 3036 697 3092 de
709 3055 737 3092 sa
746 3037 864 3093 seconde
873 3037 975 3092 femme
986 3038 1079 3113 Duda,
1093 3040 1147 3097 fille

62 3123 113 3184 de
126 3125 257 3192 Rubert,
271 3134 362 3180 comte
374 3124 410 3179 de
422 3125 545 3180 Manlau.
855 3175 858 3179 ,

110 3217 162 3289 (2)
176 3214 295 3270 amauri
309 3213 344 3268 de
357 3213 505 3268 Montsort.
514 3214 696 3269 -Eustache
706 3214 742 3270 de
756 3212 931 3270 breteuil-
940 3213 1024 3272 Odon
1038 3217 1073 3271 de
1086 3216 1147 3273 Go-

55 3312 158 3361 mets
169 3300 393 3376 (probablement
406 3299 704 3373 Gometz·le·Chitel).
721 3334 751 3343 —
765 3301 824 3359 Gui
838 3302 1003 3370 Mauvoisin,
1018 3305 1148 3377 seigneur

53 3388 112 3449 de
128 3389 409 3458 Boissi-Mauvoisin,
424 3400 452 3444 et
465 3389 530 3444 bien
544 3388 628 3462 digne
641 3387 677 3444 de
694 3407 743 3444 sou
761 3407 842 3457 nom,
859 3407 906 3444 car
917 3391 1010 3446 c’e'tait
1025 3410 1061 3445 uu
1077 3394 1146 3447 tris-

52 3478 210 3537 mannis
221 3479 317 3533 voisin.

112 3568 161 3638 (3)
179 3563 227 3620 On
240 3568 298 3620 voit
312 3566 425 3639 figurer.
440 3566 509 3620 dans
524 3565 549 3619 la
563 3566 658 3620 charte
672 3565 708 3620 de
720 3565 824 3638 lingue
838 3565 873 3621 de
887 3567 1039 3623 Mortemer
1054 3586 1088 3621 en
1105 3566 1147 3620 sa·

49 3663 153 3711 *eur
171 3651 208 3706 de
223 3651 345 3726 l’abbaye
363 3655 398 3709 de
413 3654 618 3720 saint-Victor,
633 3653 722 3708 Adam
736 3653 771 3708 de
784 3655 1012 3720 Salat-laurent,
1028 3672 1055 3706 sa
1071 3654 1146 3708 mere

52 3734 200 3807 Mabite,
213 3751 241 3795 et
251 3759 293 3796 ses
306 3740 378 3797 deux
392 3742 433 3799 fils
445 3741 607 3799 Guillaume
618 3753 646 3796 et
658 3741 762 3816 Roget,
776 3755 836 3801 tant
848 3762 955 3799 comme
967 3742 1147 3798 biensaiteurs

55 3844 140 3906 que
154 3848 264 3885 comme
277 3833 405 3886 temoins.

160 3946 210 3991 rv.
978 3921 1024 3991 23
