3130 5058
146 519 259 600 [1103]
485 515 603 578 LIBER
625 511 867 578 UNDECIMUS.
1149 517 1206 581 tua

200 654 291 721 Vlll.
313 651 364 720 Ea
380 664 603 747 tempestate,
623 653 787 746 Magnus,
807 651 1126 748 Nortguigenarum
1142 677 1209 751 po·

148 765 370 838 tentissimus
393 789 454 836 rex
475 763 548 860 (l),
575 764 707 836 insulas
727 765 914 836 Britanuiae
937 767 1151 856 circumivit,
1175 783 1212 839 et

149 880 310 952 desertas
320 901 403 952 curn
414 877 551 974 ingenti
563 877 672 950 classe
685 877 818 949 insulas
832 880 993 976 usquein
1002 879 1211 952 Hiberniam

149 995 331 1084 introivit,
352 993 474 1092 ibique
490 992 629 1066 colonis
646 993 773 1066 callide
788 996 1006 1087 constitutis,
1025 996 1160 1095 oppida
1175 1012 1212 1070 et

149 1109 253 1182 villas
268 1109 417 1182 aliarum
434 1133 534 1181 more
551 1111 711 1205 gentium
734 1111 893 1184 construi
909 1111 1088 1211 praecepit.
1115 1115 1212 1183 lren·

151 1249 210 1297 ses
227 1225 333 1322 igitur
348 1225 382 1296 ei
398 1224 504 1296 nimis
516 1224 734 1314 inviderunt,
754 1240 789 1297 et
804 1226 886 1298 totis
899 1224 1033 1298 nisibus
1048 1226 1213 1299 infestare

151 1341 274 1412 conati
288 1355 387 1428 suut,
408 1339 565 1436 doloque
581 1363 644 1410 seu
660 1341 696 1411 vi
713 1341 930 1438 pessundare
945 1339 1067 1414 hostes
1083 1339 1215 1413 machi·

151 1457 231 1527 nati
246 1471 341 1528 sunt.
367 1451 612 1552 Magrianimus
625 1469 744 1527 autem
761 1480 824 1528 rex
840 1471 967 1529 contra
983 1461 1119 1528 irenses
1135 1481 1214 1528 sur·

152 1574 262 1660 rexit,
282 1585 317 1642 et
335 1595 417 1642 cum
436 1594 501 1642 sna
517 1569 629 1643 classe
645 1571 823 1644 littoribus
841 1572 1018 1644 Hiberniae
1031 1573 1212 1671 applicuit.

152 1686 213 1764 llli
240 1711 343 1776 vero,
378 1686 469 1770 tanti
494 1688 584 1783 regis
608 1701 744 1760 terrore
767 1688 961 1786 perterriti,
990 1691 1217 1760 Normannos

153 1803 411 1892 accersientsst3
448 1801 590 1900 quibus»
610 1802 776 1875 Arnullus
803 1803 858 1900 (2)
887 1815 922 1874 et
945 1800 1118 1873 auxiliarii
1142 1802 1218 1897 ejus

153 1918 337 2015 suppetias
353 1917 457 1990 laturi
475 1917 699 1990 advolarunt.
721 1922 853 2006 Porro,
872 1917 1075 2014 congregati
1093 1942 1219 1990 omnes

154 2032 419 2105 formidabilem
438 2036 606 2130 Magnum
626 2033 729 2104 veriti
748 2047 847 2122 sunt,
870 2056 937 2104 nec
955 2031 1104 2131 praeliari
1120 2056 1219 2104 com-

155 2149 277 2221 minus
306 2174 389 2221 cum
413 2149 475 2221 illo
500 2163 824 2247 praesumpserunt3
854 2146 918 2220 sed
943 2148 989 2219 de
1014 2148 1219 2246 proditioue

155 2264 292 2336 nefaria
309 2264 347 2336 in
365 2265 483 2362 ipsum
495 2262 692 2335 machinari
706 2262 931 2334 studuerunt.

206 2381 370 2476 Denique
383 2378 530 2476 quidam
547 2378 649 2450 faceti
665 2393 700 2450 et
711 2378 920 2474 eloquentes
930 2376 976 2449 ad
990 2399 1072 2449 eum
1086 2379 1124 2450 in
1134 2378 1221 2452 dolo

155 2509 355 2582 venerunt,
384 2507 420 2565 et
445 2493 577 2566 frivolis
597 2493 852 2591 sponsionibus
877 2494 1046 2566 eumdem
1069 2494 1221 2594 decepe-

156 2625 262 2701 runt,
292 2609 400 2681 etde
428 2608 581 2681 navibus
607 2607 745 2706 egredi,
775 2623 815 2680 ut
845 2610 1066 2706 provinciam
1094 2610 1223 2680 viseret

158 2741 270 2823 atque
287 2723 333 2795 ad
349 2723 606 2819 subjectionem
624 2725 678 2796 sui
695 2724 868 2821 reciperet
885 2748 968 2795 cum
987 2725 1124 2820 paucis,
1143 2748 1224 2822 per·

158 2854 360 2914 suaserunt.
380 2840 440 2912 llle
450 2865 551 2928 vero,
567 2839 711 2938 perfidis
726 2839 819 2911 male
832 2838 1012 2928 credulus,
1027 2839 1174 2909 ferratos
1185 2839 1222 2908 in

119 3043 122 3048 Ι
158 2957 280 3030 littore
289 2980 422 3042 cuneos
436 2956 590 3054 reliquit,
606 2971 641 3027 et
654 2981 767 3053 usque
781 2956 827 3027 ad
839 2954 913 3027 duo
926 2955 1087 3028 milliaria
1098 2953 1224 3027 seduc·

158 3087 259 3144 tores
285 3085 444 3161 secutus,
477 3073 671 3170 perniciem
701 3095 801 3142 suant
835 3064 1006 3167 quaesivit.
1043 3069 1094 3141 lbi
1127 3071 1224 3143 enim

159 3188 323 3284 ingentes
344 3185 574 3256 inimicorum
597 3199 755 3256 catervas
777 3183 953 3256 latitantes
969 3184 1124 3274 invenit,
1144 3187 1222 3282 qui·

160 3303 230 3375 bus
243 3301 289 3374 de
305 3300 447 3372 latebris
462 3301 738 3399 prosilientibus,
757 3300 873 3371 audax
888 3301 1150 3398 Nordguigeua,
1166 3301 1226 3373 lu·

161 3441 246 3514 gere
264 3415 491 3513 dedignatus,
511 3415 661 3513 praeliari
681 3414 818 3487 sortiter
835 3416 954 3513 coepit.
978 3417 1084 3487 Pauci
1100 3431 1225 3488 contra

160 3533 372 3602 innumeros
389 3532 551 3602 resistere
568 3531 818 3626 nequiverunt.
839 3532 986 3628 Magnus
999 3555 1059 3601 rex
1077 3531 1224 3603 dorsum

162 3646 211 3720 ad
223 3645 389 3720 arborem
405 3661 501 3718 stans
512 3647 701 3736 convertit,
718 3661 754 3718 et
764 3646 890 3745 clypeo
903 3662 1098 3746 protectus,
1115 3650 1227 3722 missi·

201 4067 241 4138 (1)
259 4067 315 4122 Sur
325 4085 356 4123 ce
370 4069 413 4122 roi
424 4067 460 4123 de
472 4068 611 4140 Noru'rge,
626 4084 708 4140 voycz
720 4085 751 4122 ce
767 4085 822 4142 qne
835 4085 905 4122 nous
918 4086 1001 4123 avons
1013 4067 1056 4124 dit
1071 4069 1210 4126 ci-dessns
1232 4112 1240 4139 ,

164 4177 195 4228 p·
208 4159 244 4216 26
258 4167 288 4212 et
300 4157 447 4212 sulcantes.

201 4249 243 4314 (1)
260 4243 370 4300 Arnonl
382 4244 418 4300 de
431 4245 665 4317 Mootgornmeri,
680 4255 771 4300 comte
782 4243 818 4299 de
830 4243 996 4302 Pembrolte.

242 4359 291 4405 rv.
1059 4335 1105 4408 13
