2888 4934
191 420 300 498 [noa]
560 416 677 477 arasa
697 416 884 479 acernus.
1192 423 1251 482 rao

192 549 323 622 tunitas
347 551 516 638 contulit,
546 550 735 622 latuerunt.
765 556 804 622 ln
829 551 895 622 illis
921 554 1018 624 enim
1044 553 1249 650 regionibus

191 667 266 765 Syri
276 667 488 755 etbrmenii,
499 665 658 739 Barbaria
670 667 783 755 mixti,
793 665 1013 739 babitabant.
1024 673 1063 739 ln
1076 669 1249 742 casalibus

191 781 324 880 passim
341 781 524 878 degentes,
543 782 665 854 Turcis
686 781 904 870 serviebant,
923 806 1084 856 annuum
1101 784 1250 882 vectigal

192 920 257 995 pro
274 897 374 994 pacis
399 911 436 968 et
456 897 651 969 securitatis
671 897 854 995 emptione
872 897 1014 995 publice
1031 898 1247 988 reddebant,

191 1009 466 1084 etchristianam
483 1010 854 1108 nibilominuslegem,
871 1012 1013 1111 probati
1029 1015 1249 1111 persecutio·

191 1127 296 1202 uibus
312 1142 352 1200 ut
370 1152 497 1200 aurum
513 1128 551 1200 in
567 1129 728 1217 camino,
749 1127 880 1199 devote
896 1128 1099 1202 servabant.
1120 1129 1250 1226 Dejec-

191 1244 288 1317 tione
305 1267 392 1341 ergo
406 1243 690 1316 Christianorum
703 1242 933 1315 vehementer
943 1246 1140 1317 contristati
1151 1259 1248 1330 sunt,

191 1372 224 1431 et
240 1357 445 1431 errantibus
460 1383 525 1456 per
542 1356 658 1446 devia,
678 1358 834 1428 fraterno
848 1382 950 1431 more
965 1359 1249 1447 condoluerunt,

191 1498 243 1564 ac,
265 1489 377 1573 prout
394 1472 606 1571 possibilitas
624 1473 702 1562 suit,
722 1498 789 1571 pro
805 1474 935 1546 timore
952 1472 1153 1547 lnfidelium
1172 1475 1252 1571 qui-

191 1588 256 1662 bus
272 1587 516 1684 subjacebant,
534 1587 727 1661 clementer
744 1589 924 1686 suffragati
939 1604 1035 1662 sunt.
1054 1594 1093 1661 ln
1108 1589 1253 1661 latebris

191 1706 261 1776 suis
279 1704 446 1801 fugitivos
462 1702 741 1792 absconderunt,
762 1704 940 1778 latitantes
956 1704 1130 1778 alimentis
1148 1696 1254 1802 pavess

191 1832 286 1908 runt,
300 1833 351 1908 et,
365 1843 430 1916 per
441 1834 635 1891 nocturnas
648 1819 896 1908 obscuritates,
909 1820 946 1890 in
958 1821 1054 1892 viam
1063 1845 1142 1917 quae
1154 1819 1253 1891 ducit

191 1933 413 2009 Antiochiam
447 1934 678 2025 direxerunt,
712 1951 818 2034 atque
847 1937 893 2010 ad
924 1952 1030 2010 notos
1065 1936 1188 2010 affines
1218 1953 1254 2009 et

188 2050 633 2148 compatriotasducentes,
645 2051 724 2123 illos
733 2067 951 2125 tutaverunt.
962 2052 1124 2150 Plerique
1138 2077 1159 2124 a
1173 2056 1253 2124 Bar·

189 2164 282 2239 baris
294 2167 333 2239 in
347 2167 545 2264 incognitas
558 2169 722 2264 regiones
735 2169 866 2267 captivi
876 2167 973 2240 ducti
991 2182 1092 2258 sunt,
1105 2183 1142 2240 et
1161 2168 1253 2240 inter

188 2304 261 2372 aas,
284 2306 443 2381 quorum
461 2282 640 2379 loquelam
656 2307 731 2354 non
753 2281 1011 2382 intelligebant,
1030 2283 1067 2354 in
1084 2283 1254 2354 servitute

187 2422 248 2470 seu
269 2397 423 2471 vinculis
444 2396 650 2496 aliquandiu
667 2401 879 2471 commorati
897 2413 992 2470 sunt.
1015 2397 1090 2469 lllic
1105 2423 1253 2472 summae

187 2512 318 2585 Deitati
345 2515 412 2586 rite
436 2514 666 2605 famulantes,
698 2515 846 2613 gratiam
878 2516 953 2613 ejus
978 2529 1249 2615 persenserunt,

188 2629 381 2726 multisque
398 2629 529 2719 modis,
546 2645 586 2702 ut
602 2630 767 2703 lsraelitae
779 2631 872 2704 inter
888 2631 1046 2728 Assyrios
1065 2656 1127 2704 seu
1143 2630 1252 2703 Chal-

187 2743 297 2835 dmos,
315 2743 526 2817 mirabiliter
539 2744 650 2841 adjuti
666 2760 762 2818 sunt.
783 2745 886 2818 Unde
901 2746 1133 2846 quamplures
1153 2747 1247 2844 luga,

186 2860 260 2935 sive
278 2862 455 2961 permissu
475 2860 678 2959 principum
696 2865 902 2949 Persarum,
920 2861 1141 2956 aliarumque
1163 2886 1249 2959 gen-

187 2975 294 3064 tium,
309 2973 357 3047 de
373 2975 574 3073 captivitate
587 2991 847 3046 remeaverunt.

234 3088 435 3162 auxiliante
454 3089 573 3186 itaque
592 3088 748 3186 benigno
769 3074 949 3176 Creatore,
969 3090 1032 3185 qui
1049 3103 1177 3188 praesto
1200 3104 1251 3162 est

187 3203 357 3277 omnibus
367 3203 431 3301 qui
443 3227 528 3275 eum
539 3203 709 3301 diligunt,
721 3204 794 3274 fere
802 3218 947 3274 centurn
960 3202 1070 3277 millia
1083 3202 1251 3277 Christia-

187 3343 319 3392 norum
342 3333 553 3407 evaserunt;
577 3343 733 3416 quorum
754 3317 902 3416 quidam
923 3334 1019 3391 retro
1048 3344 1112 3417 per
1133 3318 1250 3416 lllyri-

187 3459 269 3508 cum
286 3434 451 3506 conversi
467 3449 563 3524 sunt,
577 3434 636 3505 alii
647 3458 733 3506 vero
751 3435 817 3506 iter
831 3434 1026 3531 incoeptum
1042 3459 1107 3532 per
1120 3436 1248 3531 ingen-

188 3565 236 3624 tes
251 3564 372 3623 metus
390 3564 424 3622 et
440 3547 664 3622 difficultates
678 3563 903 3649 peregerunt.
924 3549 1139 3622 Pictavensis
1157 3549 1246 3639 dux,

186 3671 246 3767 qui
259 3668 429 3741 trecentis
441 3666 596 3739 millibus
610 3682 829 3738 armatorum
844 3666 1005 3764 stipatus,
1024 3665 1070 3738 de
1082 3666 1247 3737 Lemovi-

189 3785 347 3857 oensium
365 3782 506 3857 finibus·
518 3783 669 3873 exierat,
688 3783 912 3878 nimiumque
929 3781 1028 3854 ferox
1045 3781 1248 3854 Constanti·

189 3899 312 4000 napoli
325 3900 471 3972 obsessa
483 3903 737 3997 lmperatorem
754 3912 941 3987 terruerat,
956 3924 1094 3997 pauper
1105 3914 1141 3971 et
1153 3924 1249 3971 men·

189 4013 289 4088 dicus
301 4013 597 4088 vixAntioehiam
611 4014 817 4113 pertingens
828 4037 912 4087 curn
928 4039 989 4087 sex
1005 4015 1109 4087 sociis
1125 4015 1244 4086 intrat.

193 4129 250 4201 atii
268 4154 416 4228 quoque
431 4130 664 4203 nibilominus
682 4129 805 4219 duces,
820 4130 1021 4228 egregiique
1033 4129 1197 4201 consules
1214 4145 1249 4201 et

260 4271 309 4316 rr.
1091 4245 1115 4316 9
