3178 5052
367 462 424 520 160
636 460 818 522 ulsTottll
842 459 1144 522 ucctffilastlcs.

451 591 501 644 Ire
514 589 630 646 coelestis
645 609 749 664 paenas,
764 611 819 647 non
832 593 910 664 signa
922 602 1072 648 merentur.

452 666 493 734 De
506 679 622 752 placitis,
636 679 770 755 bellisque
780 690 887 755 queunt
901 672 1031 753 perplura
1042 679 1152 747 relerri,

453 769 521 839 Quas
535 767 605 823 male
617 787 700 823 saevus
712 770 752 833 eis
765 771 848 825 nimis
862 769 965 842 ingerit
976 768 1060 823 ardor
1071 767 1203 822 habendi.

451 843 558 923 Caedes,
571 857 691 911 incestus
703 867 732 911 et
744 857 859 910 crimida
871 855 947 911 mille
959 856 1049 911 notari

452 931 584 1011 Possunt,
600 944 622 996 si
634 941 709 997 docti
721 943 874 1016 dignantur
885 943 977 1016 turpia
990 943 1053 999 lari.

453 1029 589 1100 lnsipiens
600 1029 701 1084 frustra
714 1041 826 1085 vexatur
835 1041 866 1084 et
877 1031 932 1084 otia
945 1029 1053 1103 perdit3

395 1184 398 1188 .
452 1117 490 1171 m
501 1116 609 1189 sapiens
620 1117 713 1172 nullus
725 1136 772 1172 sna
784 1129 907 1191 tempora
920 1117 1037 1190 perdere
1049 1117 1139 1188 gestit.

451 1205 575 1277 Tempus
587 1205 661 1259 enim
676 1204 782 1278 perdit,
796 1207 845 1280 qui
858 1225 969 1260 carmen
982 1204 1081 1260 inutile.
1093 1203 1203 1276 pandit,

452 1290 488 1345 Et
498 1291 576 1346 labor
588 1293 645 1364 ipse
658 1294 744 1365 perit,
756 1293 805 1367 qui
818 1297 962 1348 commoda
973 1291 1047 1366 nulla
1059 1293 1195 1365 rependit.

452 1378 498 1434 Ad
510 1379 579 1434 bona
592 1380 727 1436 ferventes
738 1381 819 1436 electi
831 1381 926 1437 sedulo
939 1392 1070 1446 currunt,

426 1487 428 1492 ·
453 1467 497 1522 Ad
510 1469 632 1522 studium
646 1468 741 1542 vigiles
752 1469 830 1524 avide
843 1469 981 1524 laudabile
992 1468 1123 1524 tendunt.

452 1555 577 1630 Cogendi
591 1574 645 1612 non
658 1567 736 1625 sunt,
749 1559 797 1631 qui
809 1569 907 1631 sponte
918 1558 1030 1613 ferenda
1043 1565 1201 1630 capessunt,
1226 1557 1233 1572 ’

453 1644 511 1715 Qui
525 1655 649 1717 segetum
660 1657 772 1719 captant
784 1647 881 1714 lewes,
895 1656 924 1701 et
936 1647 965 1700 in
978 1647 1078 1704 horrea
1090 1655 1211 1718 portant.

455 1733 538 1789 Ultro
550 1737 614 1789 satis
627 1735 755 1809 gradiens
767 1738 877 1810 sonipes
892 1753 946 1791 non
961 1747 1003 1792 est
1017 1735 1214 1802 stimulandus,

453 1821 522 1889 Sed,
538 1841 573 1877 ne
587 1823 706 1892 labatur,
723 1823 866 1879 moderato
876 1825 941 1896 jure
953 1825 1100 1896 regendus.

454 1911 563 1966 Durum
576 1929 663 1968 sessor
675 1932 778 1987 equum
791 1912 943 1970 calcaribus
954 1924 1037 1986 urget
1050 1914 1151 1979 acutis,

452 2001 578 2056 Percutit
590 2013 618 2057 et
631 2002 749 2071 crebris,
763 2013 797 2057 nt
809 2015 890 2077 cogat
901 2021 1028 2070 currere,
1043 2002 1153 2074 flagriss

454 2087 579 2167 Ecclesiae
591 2090 688 2145 similis
700 2091 742 2145 les
755 2103 797 2146 est
809 2091 970 2147 doctoribus
982 2089 1076 2157 almis,

456 2167 528 2230 Nar'n
542 2176 631 2232 lentos
642 2179 786 2234 stimulant
799 2180 924 2246 monitis,
939 2178 1096 2251 celeresque
1110 2175 1259 2230 refrenant.

453 2265 565 2321 Cornua
579 2265 650 2321 dena
663 2285 774 2341 gerens,
792 2269 862 2323 mala
874 2268 960 2322 bestia
968 2269 1026 2338 jam
1038 2265 1207 2326 dominatur,

457 2354 543 2409 Effera
559 2354 636 2428 plebs
649 2357 749 2428 passim
764 2356 898 2411 scelernm
912 2354 988 2428 lepra
1001 2353 1165 2409 maculatur.

453 2442 508 2498 lob
519 2443 655 2497 Dominus
666 2445 758 2516 typice
773 2442 926 2498 Bebemoth
940 2442 1103 2498 monstravit
1114 2441 1218 2506 amioo;

454 2529 567 2585 Mulon
580 2529 608 2584 in
622 2531 675 2585 hoe
689 2530 795 2586 mundo
807 2529 876 2587 lurit
888 2530 1036 2585 insidiosus
1047 2529 1154 2603 iniquo.

454 2621 622 2692 Terrigenas
636 2621 787 2676 furibunda
802 2639 884 2694 super
901 2631 1040 2694 grassatur
1055 2620 1188 2690 Erinnys,

455 2709 647 2784 Quotidieqne
661 2729 724 2766 suos
738 2712 820 2766 Erebi
831 2709 976 2765 contrudit
987 2711 1016 2764 in
1030 2709 1103 2765 imis.

454 2801 539 2856 Ludit
552 2812 580 2858 et
593 2801 687 2857 illudit
701 2791 866 2857 mortalibus
878 2800 1069 2874 Amphisilena
1081 2798 1134 2870 (l),

455 2889 626 2963 Decipienslo
638 2890 740 2966 quibus
752 2889 875 2945 Paradisi
889 2889 962 2946 tollit
973 2905 1089 2943 arumna.

456 2981 533 3035 Heu!
549 2979 619 3036 male
632 2981 706 3036 virus
719 2981 759 3036 eis
772 2979 1019 3035 infundit‘lethiler
1030 2977 1142 3052 anguis,

453 3070 532 3140 Quos
546 3069 612 3126 lacit
624 3080 747 3125 amentes
760 3079 789 3124 et
802 3079 900 3124 mutuo
913 3085 941 3124 se
955 3069 1132 3141 perimentes.

456 3157 569 3212 Morbos
582 3168 611 3212 et
625 3168 713 3230 pestes
725 3157 802 3214 stulti
817 3156 951 3224 subeunt,
965 3166 993 3210 et
1007 3156 1096 3228 iniqui

457 3245 575 3319 Insuper
585 3245 719 3317 adjiciunt
733 3248 786 3302 sibi
798 3247 914 3320 pessima
928 3245 1057 3318 nequiter
1068 3244 1132 3316 ipsi.

456 3333 605 3388 Cernimus
616 3333 754 3390 humanos
765 3352 856 3401 casus,
871 3335 1040 3406 miserasque
1052 3332 1160 3397 ruinas,

457 3419 541 3476 Unde
554 3438 635 3494 sagax
648 3423 732 3494 pelles
744 3423 860 3496 implere
872 3422 935 3496 quit
947 3429 1044 3474 auctor
1055 3420 1158 3474 ovinas.

458 3509 487 3565 Si
502 3508 559 3564 vult
572 3508 687 3564 dirersis
700 3508 735 3564 de
750 3510 832 3566 rebus
845 3509 938 3564 inania
950 3507 1031 3562 verba

456 3595 601 3662 Fundere,
616 3595 711 3650 thema
723 3597 854 3671 frequens
866 3597 932 3652 satis
944 3597 1049 3650 invenit
1062 3595 1136 3648 inter
1148 3593 1256 3649 acerba.

494 3684 661 3739 Nominibus
674 3683 768 3740 inultis
781 3687 809 3739 in
823 3685 932 3758 scriptis
945 3684 1052 3740 coelitus
1065 3683 1133 3737 actis

457 3771 579 3826 Humani
592 3773 700 3846 generis
711 3772 847 3825 vocitatur
859 3772 959 3826 lividus
971 3771 1074 3826 hostis:

406 4015 445 4084 (l)
461 4011 538 4066 Nous
555 4010 818 4083 n’entreprendrons
836 4027 882 4082 pas
897 4009 1093 4083 d'interprdter
1108 4025 1140 4062 oe
1157 4017 1229 4074 mot,
1247 4005 1296 4079 qni
1310 4023 1345 4058 ue
1363 4011 1430 4076 [seut

372 4101 431 4156 etro
445 4119 482 4156 ou
493 4100 597 4174 qu'nne
609 4101 731 4154 creation
746 4098 937 4154 mallreurouse
949 4097 984 4153 de
999 4108 1079 4153 notre
1096 4107 1204 4160 auteur,
1218 4112 1255 4149 ou
1267 4111 1322 4148 une
1335 4090 1429 4147 de'lor·

373 4191 478 4245 mallon
491 4187 628 4261 complete
641 4188 880 4260 d'Ampkislrcena.
