2888 4934
187 413 296 492 [110³]
530 410 647 471 uam
667 409 909 472 ornanum.
1188 409 1246 468 iss

187 546 231 616 sis
239 540 482 643 archipraesul,
496 543 570 639 ejus
580 542 746 640 exequias
758 540 960 630 celebravit,
972 555 1007 612 et
1019 541 1056 610 in
1073 553 1249 638 metropo-

188 659 295 731 litana
305 673 435 730 sanctae
449 658 515 729 Dei
527 659 705 754 genitricis
717 657 833 728 Mariae
847 655 989 727 basilica
1006 679 1089 727 cum
1103 653 1198 724 clero
1214 667 1249 725 et

189 774 327 874 populo
344 773 513 846 decenter
528 773 728 845 tumulavit.
747 777 787 842 ln
807 771 889 842 navi
906 771 1061 842 eeclesiae
1078 769 1187 868 polita
1204 768 1250 840 de

191 889 271 962 albo
288 888 407 988 lapide
422 887 554 960 lamina
576 889 755 961 tumulum
778 887 910 986 operit,
928 888 964 958 in
983 912 1053 984 qua
1072 886 1250 984 sculptum

192 1004 260 1078 boe
278 1005 391 1078 modo
408 1003 634 1103 epitaphium
650 1004 798 1076 solerter
814 1001 1035 1075 intuentibus
1050 1002 1218 1100 patescit:

297 1189 450 1258 Nobilitas,
463 1189 580 1262 species,
592 1187 667 1253 lans,
683 1186 785 1260 gloria,
800 1206 898 1261 magna
912 1197 1046 1260 potestas,

333 1277 436 1332 Vivere
448 1287 584 1350 perpetuo
597 1295 654 1331 non
668 1276 774 1331 faciunt
786 1277 941 1330 bominem.

296 1365 368 1420 Nam
383 1383 531 1438 generosa,
547 1375 659 1437 potens,
675 1364 750 1418 dives
762 1364 901 1418 comitissa
916 1362 1019 1436 Sibylla

332 1455 393 1509 lloc
402 1453 475 1524 jacet
489 1454 519 1508 in
531 1452 641 1508 tumulo
653 1451 780 1519 condita,
798 1453 867 1507 lacta
880 1453 961 1507 cinis.

296 1542 386 1614 Cujus
401 1541 476 1614 larga
490 1558 603 1609 manns,
618 1560 695 1596 mens
709 1539 840 1614 provida,
854 1542 907 1595 vita
921 1539 1037 1614 pudica,

330 1630 479 1688 Prodesset
493 1631 600 1703 patrie,
614 1631 636 1684 si
650 1629 783 1684 diuturna
796 1630 878 1686 loret.

298 1719 452 1774 Nortnanni
465 1717 623 1784 dominam,
641 1736 708 1792 gens
721 1717 810 1790 Apula
824 1716 909 1772 dellet
923 1717 1076 1783 alumnam,

213 1854 216 1859 .
333 1806 421 1877 Cujus
432 1807 462 1861 in
473 1824 571 1861 occasu
586 1806 674 1879 gloria
689 1825 787 1879 magna
803 1807 870 1860 ruit.

296 1893 418 1952 Velleris
431 1895 520 1948 aurati
533 1912 598 1948 cum
612 1894 697 1948 Titan
711 1893 787 1948 sidus
801 1892 904 1958 inibat,

329 1981 449 2036 Mortem
463 1998 541 2053 passa
556 1982 622 2036 ruit.
640 1981 683 2036 Sit
696 1981 748 2036 sibi
763 1981 817 2035 rita
831 1981 920 2035 Deus!

236 2156 321 2237 Post
337 2152 431 2245 baec,
455 2154 627 2227 tumultus
648 2154 844 2243 bellorum,
870 2178 950 2251 quae
965 2152 1181 2250 jamdudum
1197 2154 1253 2224 in·

193 2283 306 2367 noepta
321 2283 421 2358 sunt,
442 2269 560 2341 subito
581 2271 695 2342 causis
714 2268 929 2367 quibusdam
950 2268 1146 2341 orientibus
1162 2293 1256 2367 pene

190 2407 254 2481 per
279 2398 395 2458 totam
425 2387 624 2460 Neustriam
656 2387 855 2459 admodum
883 2402 1084 2459 creverunt.
1117 2385 1256 2474 Quibus

189 2498 344 2572 feraliter
356 2499 567 2591 furentibus,
582 2502 655 2573 dux
668 2502 868 2600 prohibitus
881 2517 936 2574 est
946 2526 1096 2573 uxorem
1109 2501 1253 2588 ducere,

190 2629 224 2686 et
240 2619 371 2713 Agnes,
390 2617 498 2690 vidua
511 2642 741 2716 permanens,
761 2617 890 2690 frustra
904 2617 1109 2715 concupivit
1125 2616 1255 2715 princi·

190 2729 309 2828 palem
327 2732 474 2804 thorum
491 2731 697 2805 ascendere.

236 2848 338 2927 Tunc
369 2848 462 2919 inter
493 2847 718 2920 Britolienses
751 2864 785 2921 et
815 2847 1067 2937 Ebroicenses‚
1098 2845 1258 2942 aliosque

191 2959 327 3032 vicinos
349 2986 493 3052 eorum,
518 2963 643 3060 ingens
664 2988 791 3060 guerra
812 2977 935 3035 exorta
956 2977 1021 3034 est.
1047 2959 1258 3033 Guillelmus

192 3076 325 3174 qnippe
348 3075 393 3148 de
414 3076 563 3150 Britolio
586 3079 785 3169 Adelinam,
806 3081 966 3177 lingonis
986 3078 1032 3150 de
1053 3077 1258 3150 Montesorti

193 3187 319 3282 filiam,
350 3218 499 3266 uxorem
526 3193 697 3285 duxerat,
725 3195 789 3269 sed
814 3197 955 3295 prolem
977 3195 1023 3268 de
1045 3195 1173 3296 legali
1168 3220 1257 3267 con
1327 3275 1331 3280 ,
1436 3269 1440 3278 ,

193 3307 303 3381 nnbio
324 3335 399 3382 non
423 3309 608 3384 habuerat
632 3317 715 3411 Ipso
737 3314 857 3411 itaque
879 3339 905 3385 11
905 3312 968 3410 ⁰4(
954 3310 1118 3409 lidus)
1105 3311 1258 3408 januarii
1379 3313 1380 3316 ’

194 3423 288 3521 apud
316 3429 469 3497 Beocnm
499 3441 669 3519 mortuo,
700 3427 766 3503 ned
790 3430 877 3500 Line
902 3430 940 3500 in
966 3427 1133 3500 coenobio
1159 3423 1259 3524 qnod

196 3718 239 3757 ton
254 3705 337 3759 mari.
352 3703 376 3759 Il
391 3707 479 3777 parait
490 3725 545 3781 que
557 3725 588 3762 ce
601 3707 714 3763 dernier
728 3707 767 3762 lui
779 3726 815 3762 en
826 3707 930 3762 laissait
942 3707 966 3762 la
981 3706 1120 3761 direction
1133 3703 1257 3778 pendant

196 3791 403 3866 ”frequentes
415 3793 554 3850 absenees.
568 3796 671 3868 Sibylle
683 3798 763 3870 expia
774 3796 966 3864 cruollement,
981 3795 1104 3869 pendant
1116 3813 1165 3850 son
1178 3803 1259 3848 court

197 3879 284 3950 teionr
295 3899 331 3936 en
345 3882 527 3952 Normandie,
542 3884 567 3938 la
581 3883 656 3938 laute
667 3884 768 3958 qn’elle
780 3886 852 3940 avait
864 3886 998 3940 commiss
1009 3884 1044 3939 de
1057 3885 1173 3958 quitur,
1187 3898 1259 3954 pour

197 3965 338 4023 t’attacher
353 3973 369 4022 l
386 3989 425 4024 nn
444 3972 540 4043 prinae
556 3990 619 4027 sans
635 3973 692 4028 tete
709 3983 738 4028 et
755 3991 817 4028 sans
835 3991 954 4039 moeurs,
977 3971 1002 4027 le
1019 3972 1090 4027 beau
1109 3969 1216 4034 climat,
1232 3966 1258 4021 la

200 4052 356 4111 cirilisation
368 4057 514 4130 splendide
525 4070 554 4116 et
567 4063 684 4116 avancee
696 4060 732 4116 de
744 4060 843 4116 l’ltalie
857 4058 1049 4116 me'ridionale

230 4143 268 4212 (l)
283 4135 320 4198 Le
334 4148 367 4203 ⁴2
378 4148 496 4218 janvier.
