2888 4934
171 428 311 507 {acroam
326 426 419 502 1119]
507 421 624 483 tinuit
645 421 912 481 DUODEClMUS.
1176 424 1237 484 383

225 556 487 643 incrastinum,
505 554 588 626 laria
600 568 725 650 quarta
738 553 806 648 (l),
824 577 907 624 cum
925 555 1050 650 insigni
1066 556 1235 626 comitatu

176 675 366 747 ttoaonem
382 670 562 768 profectus
578 684 644 757 est,
663 684 699 740 et
715 668 896 740 dominico
914 671 1076 767 sequenti
1092 671 1149 766 (2)
1165 697 1236 770 prae

176 784 301 859 labore
321 800 356 858 et
380 799 478 857 metu
500 785 611 857 lassam
638 797 674 855 et
695 809 799 879 aeger,
828 785 944 856 Remis
971 810 1147 882 regressus
1168 802 1233 858 est.

176 904 315 973 interea
336 899 530 972 multitudo
552 899 821 996 magistratuum
848 903 948 998 Papae
970 901 1124 972 reditum
1146 927 1236 998 aegre

175 1015 376 1115 prmstolata
396 1031 460 1087 est.
481 1019 571 1088 Nam
584 1017 647 1112 qui
661 1014 708 1087 de
720 1014 921 1112 longinquis
934 1016 1136 1113 regionibus
1153 1015 1237 1090 illuc

177 1130 372 1229 Apostolici
383 1131 482 1227 jussu
495 1145 749 1218 convenerant,
765 1129 815 1201 ibi
828 1128 917 1201 nihil
931 1146 1086 1229 agentes,
1104 1131 1236 1203 infruc-

176 1260 282 1321 tunsa
303 1269 367 1316 sua
387 1244 648 1335 distrahebant,
670 1268 885 1341 suarumque
904 1269 1024 1318 curam
1043 1246 1237 1320 domorum

176 1385 263 1435 oum
283 1385 438 1433 moerore
460 1359 753 1434 intermittebant.
777 1361 937 1458 Denique
961 1387 1119 1435 reversus
1143 1367 1238 1461 Papa

177 1499 244 1573 por
256 1491 412 1573 quatuor
425 1475 502 1548 dies
514 1475 693 1572 synodum
709 1477 835 1565 tenuit,
851 1491 886 1546 et
902 1475 948 1547 de
966 1476 1112 1552 diversis
1127 1476 1238 1550 ecclc·

177 1591 311 1667 tinum
328 1592 484 1687 negociis
502 1592 675 1664 tractavit.

226 1707 349 1804 lgitnr,
370 1707 455 1779 lcria
470 1706 629 1778 secunda
643 1705 713 1802 (3),
736 1721 926 1804 postquam
945 1710 1038 1804 Papa
1055 1706 1235 1796 consedit,

177 1822 362 1897 lohannes
376 1825 592 1914 Cremansis,
615 1823 774 1895 eruditus
794 1838 830 1896 et
850 1822 1021 1920 eloquens
1037 1823 1235 1922 presbyter,

176 1940 347 2028 iuncxit,
368 1954 404 2012 et
419 1940 553 2037 peracti
569 1953 718 2011 eventus
735 1938 868 2011 itineris
884 1938 1037 2010 seriatim
1053 1938 1238 2011 enucleare

177 2054 287 2153 coepit
312 2082 320 2125 :
347 2060 479 2127 Notum
510 2069 583 2139 est,
615 2054 751 2151 inquit,
785 2055 969 2125 samana
1001 2071 1119 2127 vestrm
1147 2054 1242 2153 quod

178 2172 362 2249 munem
366 2173 604 2266 perreximus.
618 2167 691 2240 Sed
698 2167 904 2265 mstrrtuniis
914 2185 1038 2240 contra
1049 2195 1113 2241 nos
1124 2173 1238 2242 insur-

174 2283 350 2384 gentibus,
373 2285 429 2357 nil
441 2283 697 2357 camnmditatr's
714 2287 1007 2383 perpetravimus.
1029 2286 1121 2358 Illuc
1128 2285 1237 2382 festi·

178 2417 308 2499 flenter
323 2405 459 2488 ivimus,
476 2401 541 2474 sed
557 2400 640 2474 inde
654 2400 886 2498 festinantius
903 2401 1101 2474 redivimus.
1123 2407 1239 2499 impe·

177 2531 280 2593 eam
295 2519 391 2588 anim
408 2542 487 2588 cum
510 2519 646 2615 ingenti
663 2521 819 2591 exercitu
835 2517 886 2589 ad
896 2516 1107 2615 pradictum
1126 2517 1239 2589 mcum

176 2630 331 2720 dmnit,
345 2635 719 2731 atquasipugnatarm
730 2631 1072 2728 armatorumfermc
1080 2656 1151 2703 xxx
1160 2631 1239 2702 mil-

178 2746 232 2823 tt·
247 2772 365 2821 suarm
384 2746 514 2821 hahuit.
536 2753 612 2819 Hoc
629 2752 748 2848 tuque
764 2765 802 2820 ut
821 2746 1151 2834 animadvertimus,
1174 2744 1239 2816 do-

177 2866 315 2937 ntitutm
335 2868 475 2962 Papam
496 2867 534 2934 in
548 2863 704 2961 proesato
725 2880 857 2945 castro,
883 2861 978 2959 quod
1000 2865 1038 2932 in
1057 2864 1239 2933 Rememir

176 2979 432 3077 madreprlrcopi
449 2979 604 3051 dominio
623 2996 690 3067 est,
713 2978 934 3064 inclusimus,
962 2993 996 3048 et
1014 3002 1078 3049 nos
1094 2976 1176 3047 inde
1191 2976 1243 3048 ad

176 3099 402 3167 constitutum
423 3096 634 3193 colloquium
654 3094 883 3194 egredientes,
909 3097 1024 3191 ipsum
1045 3095 1144 3163 exire
1162 3117 1238 3163 om-

178 3212 266 3281 nt‘rta
272 3210 526 3309 pnahtbuimus.
544 3211 897 3309 Secretiussaricum
912 3215 1131 3307 Imperatore
1146 3209 1237 3281 mul·

178 3326 280 3401 toties
295 3329 529 3424 quaesivimus,
550 3325 614 3398 red
627 3352 711 3398 moa
733 3343 770 3398 ut
790 3351 814 3394 a
831 3323 932 3397 turba
952 3327 1138 3424 segregati,
1159 3349 1239 3397 cum

179 3438 407 3513 illasearsum
414 3445 661 3540 migraremus,
673 3443 854 3512 innumeri
860 3440 1041 3526 satellites,
1054 3440 1240 3511 voluntatis

177 3554 256 3654 ςίω
270 3572 306 3628 et
312 3557 462 3654 fraudis
479 3560 624 3642 conscii,
648 3582 711 3628 nos
726 3554 1006 3640 circumdabant,
1027 3572 1061 3627 et
1077 3555 1233 3642 lanceas,

176 3668 381 3773 gladiusque
392 3699 473 3745 suos
488 3671 671 3758 vibrantes,
690 3676 865 3773 ingentem
883 3670 981 3744 nobis
994 3688 1123 3745 metum
1141 3676 1237 3744 incu-

212 3979 254 4048 (l)
270 3978 309 4034 1ae
321 3978 459 4034 marcradi
474 3982 510 4036 Ὦ
523 3977 647 4035 octobre.

214 4067 256 4140 (ἢ)
272 4068 311 4124 1ae
323 4067 473 4124 dimanebe
486 4073 531 4126 ΞΘ.

215 4157 254 4230 (ὃ)
272 4157 310 4211 Le
321 4155 399 4213 iundi
414 4160 457 4214 at.
