2888 4934
256 397 317 460 294
532 394 714 455 HISTORIA
736 393 1043 455 ECCLESlASTlCA.
1106 396 1311 475 [titt-1122]

256 528 358 602 ducis
370 525 500 598 obnixe
512 540 702 609 tractantes
717 523 940 605 laborabant.
959 524 1183 598 Ludovicum
1197 549 1314 623 regem

254 648 489 732 Francorum,
510 657 546 713 et
562 640 793 714 Guillelmum
810 641 939 715 ducem
956 642 1203 730 Pictavorum,
1223 646 1315 713 Hen-

254 758 370 832 ricum
400 782 544 856 quoque
574 757 705 829 ducem
729 757 1046 854 Burgundionum,
1077 771 1114 829 et
1138 756 1315 830 dlannum

253 875 453 972 principem
471 873 667 964 Britonum,
686 873 847 972 aliosque
861 888 1024 972 potentes
1037 874 1227 971 regionum
1243 897 1315 946 rec·

253 1005 350 1063 tores
371 987 660 1086 frequentabant,
683 989 805 1086 legatis
823 1005 858 1061 et
876 989 1033 1089 epistolis
1050 988 1179 1061 crebro
1198 987 1315 1087 pulsa·

251 1105 362 1196 bant,
389 1120 424 1177 et
451 1104 670 1177 omnimodis
696 1105 743 1177 ad
767 1105 936 1178 auxilium
962 1103 1142 1177 Guillelmi
1165 1103 1315 1176 Clitonis

251 1221 462 1294 invitabant.

298 1336 457 1414 Tandem
470 1335 578 1409 Fulco
593 1336 854 1434 Andegavensis
868 1335 1049 1434 Sibyllam,
1069 1333 1182 1407 liliam
1198 1359 1312 1422 sum,
1401 1395 1409 1415 ,

251 1452 284 1524 ei
305 1453 457 1551 pepigit,
483 1453 763 1551 comitatumque
783 1457 1100 1528 Cenomannorum
1117 1452 1311 1538 concessit,
1392 1508 1409 1531 .

252 1579 288 1642 et
306 1593 371 1668 per
390 1568 537 1666 aliquod
555 1583 695 1668 tempus
718 1569 923 1667 saepesatum
945 1569 1097 1640 tironem
1115 1565 1314 1639 admodum
1348 1592 1414 1636 Α

250 1683 400 1781 adjuvit.
420 1689 573 1776 Verum,
592 1685 702 1757 nimia
719 1685 861 1757 Henrici
877 1685 968 1781 regis
985 1683 1161 1755 industria
1178 1705 1315 1780 praeva-
1333 1719 1416 1734 -

249 1798 368 1890 lente,
401 1802 606 1899 praecripta
639 1799 819 1898 (opulatio
855 1800 997 1898 penitus
1031 1800 1233 1895 interrupta
1265 1806 1420 1868 est,

250 1915 369 2006 minis,
392 1915 646 2015 precibusque,
669 1932 705 1988 et
727 1917 817 2004 auri,
839 1916 1065 2013 argentique,
1093 1912 1424 2010 aliarumque-52

250 2030 451 2129 specierum
466 2031 672 2130 ponderosa
688 2030 914 2103 enormitate.
929 2031 1042 2102 Missis
1058 2029 1167 2100 etiam
1183 2026 1427 2124 argutisa

249 2142 512 2238 dissertoribus,
534 2145 753 2245 disputatum
770 2160 823 2217 est
840 2144 886 2217 de
903 2143 1228 2240 consanguinitate,
1249 2155 1429 2238 prod

249 2282 320 2356 qua
345 2259 536 2333 diffinitum
562 2277 615 2334 est
641 2287 703 2334 eos
724 2261 925 2334 secundum
948 2260 1177 2333 christianam
1199 2256 1432 2353 legemr-⁸¹

250 2372 419 2470 conjungi
433 2399 507 2446 non
522 2374 667 2446 debere.
687 2381 776 2447 Nam
796 2374 967 2447 Ricardus
982 2371 1227 2460 Gunnorides,
1245 2370 1432 2442 duxx¹

249 2490 489 2576 Normanniae,
506 2493 627 2586 genuit
641 2490 880 2576 Rodbertum,
900 2506 937 2562 et
953 2488 1155 2562 Rodbertus
1173 2473 1433 2558 Gnillel-l-

249 2627 349 2676 mum
358 2605 529 2694 Nothum,
542 2607 733 2703 quigenuit
746 2606 979 2694 Rodbertum‚
992 2621 1129 2704 patrem
1136 2600 1348 2675 uuillelmi
1366 2590 1428 2663 15

249 2718 409 2792 Clitonis.
440 2720 640 2792 Rodbertus
663 2737 782 2792 autem
803 2722 1092 2820 archiepiscopus
1116 2734 1152 2791 et
1174 2743 1360 2804 comes,t
1410 2759 1418 2793 t

249 2837 356 2910 trater
374 2838 513 2910 Ricardi
528 2838 642 2929 ducis,
664 2840 785 2934 genuit
800 2838 992 2910 Ricardum
1005 2836 1177 2909 comitem
1194 2833 1414 2904 Ebroi--:

249 2953 427 3044 censium,
449 2968 485 3026 et
503 2953 674 3025 Ricardus
693 2960 863 3050 Agnetem
880 2954 1034 3024 Simonis
1052 2974 1219 3039 uxorem,
1240 2959 1404 3046 qu&

249 3069 388 3165 peperit
410 3068 615 3141 Bertradam
636 3074 663 3139 F
665 3067 801 3139 ulconis
824 3069 1047 3165 genitricem,
1072 3080 1107 3137 et
1129 3069 1156 3134 F
1159 3063 1243 3134 ulco
1262 3088 1393 3159 geae·

250 3182 328 3260 nuit
352 3181 534 3279 Sibyllam.
560 3186 616 3254 Sic
640 3184 811 3254 nimirum
831 3182 1012 3254 Guillelmi
1034 3197 1068 3254 et
1091 3176 1234 3275 Sibyllae
1261 3201 1383 3275 pue·-

251 3296 385 3368 rentela
403 3298 612 3394 investigata
630 3313 700 3388 est,
719 3298 854 3395 diuque
870 3300 990 3396 cupita
1006 3297 1108 3370 clarae
1120 3292 1364 3391 juventuti&

252 3412 429 3482 connexio
455 3413 616 3485 frustrata
647 3429 710 3485 est.
739 3414 929 3485 Praeclarus
952 3416 1082 3484 iterum
1104 3409 1250 3506 juvenis
1276 3405 1351 3479 al»

254 3524 565 3622 llndegavensibus
596 3528 762 3627 expulsus
791 3544 864 3619 est,
895 3543 930 3599 et
954 3527 1000 3599 ab
1029 3524 1207 3598 extraneis
1236 3547 1343 3594 cun}

253 3654 350 3713 metu
370 3656 405 3714 et
425 3641 548 3714 labore
565 3643 771 3741 suffragium
791 3667 939 3742 poscere
958 3657 1103 3715 coactus
1122 3654 1188 3711 est.
1210 3637 1342 3709 Deni‘

253 3779 324 3852 que
344 3771 426 3851 post
446 3756 577 3828 multos
599 3760 804 3830 circumitus
825 3757 871 3830 ad
890 3757 1104 3829 Balduiuum
1122 3751 1337 3824 Flandren-

253 3894 346 3958 sem,
366 3884 558 3967 cognatum
574 3898 697 3961 suum,
718 3874 875 3961 divertit,
896 3871 1059 3968 illiusque
1078 3868 1189 3941 fidem
1207 3880 1245 3939 et
1261 3890 1342 3938 au-

254 3987 392 4063 daciam
422 4011 463 4059 ac
492 3987 748 4061 adminiculum
772 3991 928 4061 tentavit.
963 3993 1080 4076 Quem
1103 3985 1161 4059 ille
1192 3985 1340 4056 acriter·

255 4105 420 4201 suscepit,
436 4120 471 4176 et
483 4130 591 4177 omne
604 4105 802 4178 subsidium
815 4107 847 4177 ei
862 4104 1071 4205 spopondit,
1088 4118 1122 4176 et
1134 4116 1336 4174 certamen
