2888 4934
189 388 250 450 ⁴42
459 383 641 446 utstoala
663 382 967 447 Eccttslasttca
1038 386 1242 468 [usa-112³]

237 516 446 590 Guillelmus
457 515 502 589 de
516 515 678 588 Rolmara
690 516 743 612 (t)
758 530 888 589 terram
900 517 1117 610 matrissuae,
1135 542 1245 615 quam

191 631 1246 729 Rannulsnsssaiocensis,vitricussuus,proeomitatuCestrae

187 749 261 844 regi
278 746 495 837 reddiderat,
514 745 665 844 repetiit,
680 746 856 842 aliamque
868 747 1144 843 possessionem,
1159 750 1252 818 Cor·.

188 865 282 937 viam
299 876 553 960 nuncupatam,
570 862 608 932 in
623 860 747 959 Anglia
760 862 941 959 requisivit
955 861 1022 959 (2)
1038 860 1110 934 Sed
1123 875 1246 960 postu·

188 979 275 1053 lanti
296 1003 357 1050 rex
377 1002 452 1049 non
473 978 672 1074 adquievit3
697 978 770 1049 imo
789 977 958 1073 injuriosa
975 977 1027 1048 illi
1045 976 1244 1076 respoudit.

189 1100 301 1168 Iratus
315 1095 433 1192 itaque
446 1092 588 1191 juvenis
602 1093 764 1190 protinus
779 1093 817 1164 in
835 1093 1033 1165 Neusniam
1045 1091 1249 1164 transfreta·

188 1213 256 1305 vit,
281 1226 316 1282 et
339 1223 544 1309 opportuno
570 1222 730 1308 tempore
755 1223 913 1307 reperto,
938 1233 959 1282 a
983 1233 1065 1305 rege
1085 1211 1246 1300 recessit,

189 1327 455 1422 multorumque
480 1324 698 1398 adminiculo
722 1324 853 1416 fretus,
883 1324 929 1397 de
947 1327 1249 1397 Novo-Menam

189 1465 352 1539 guerram
382 1443 418 1512 in
450 1445 674 1512 Normannos
702 1441 873 1512 acerrime
896 1441 1063 1512 exercuit.
1099 1441 1250 1513 Biennio

190 1557 311 1652 utique
329 1555 456 1654 praedis
471 1569 507 1626 et
522 1554 712 1646 incendiis,
736 1553 998 1651 hominumque
1015 1555 1249 1652 capmrisirae

189 1695 261 1742 suae
283 1670 464 1760 satisfecit,
490 1695 557 1741 nee
578 1668 625 1741 ab
646 1668 852 1764 hujusmodi
874 1667 1060 1740 molimine
1081 1669 1243 1755 cessavit,

189 1786 346 1858 donec
317 1811 349 1858 er
360 1811 421 1857 rex
432 1800 675 1884 competenter
687 1785 863 1873 satisfecit
883 1798 918 1855 et
931 1807 1101 1879 magnam
1112 1798 1247 1881 partem

186 1901 276 1997 juris
293 1901 393 1998 quod
412 1916 624 2001 poposcerat
639 1900 799 1972 restituit.

237 2019 356 2088 Mense
373 2016 564 2114 septembri
582 2015 776 2087 Amalrieus
792 2030 827 2086 et
838 2011 1099 2105 Gualerannus,
1116 2014 1245 2110 aliique

190 2154 282 2225 quos
298 2154 406 2227 supra
424 2132 618 2202 memoravi
634 2129 681 2201 ad
695 2133 846 2201 Crucem
861 2129 980 2200 Sancti
992 2127 1187 2200 leudfredi
1198 2128 1247 2224 (3)

190 2260 435 2315 convenerunt
438 2246 586 2342 ,ibique
600 2240 799 2343 generalem
814 2243 1101 2339 conjurationem
1116 2246 1246 2341 pariter

190 2355 360 2429 iecerunt.

238 2470 472 2547 Clandestinae
498 2426 637 2548 fraudes
662 2502 781 2572 regem
807 2502 880 2549 non
906 2477 1099 2548 latuerunt.
1127 2477 1246 2545 Mense

192 2588 297 2684 igitur
311 2589 450 2662 octobri
464 2616 524 2663 rex
538 2593 717 2689 ingentem
731 2592 890 2664 militiam
910 2590 1097 2683 Rotomagi
1107 2587 1245 2676 ascivit,

190 2719 225 2777 et
241 2705 287 2777 de
303 2706 391 2779 urbe
414 2734 619 2805 progressus
637 2708 837 2799 dominico,
862 2720 1052 2805 postquam
1070 2704 1244 2791 eomedit,

190 2820 435 2916 ignorantibus
450 2825 587 2895 cunctis
605 2849 677 2922 quo
699 2826 750 2895 ire
772 2823 894 2914 vellet,
916 2821 972 2893 vel
995 2820 1084 2918 quid
1101 2821 1246 2892 medita·

191 2949 299 3028 retur,
320 2940 509 3034 Hugnnem
525 2937 571 3009 de
588 2939 817 3010 Monte-Forti
833 2937 989 3026 vocavit,
1008 2935 1151 3031 sibique
1169 2956 1248 3004 mox

190 3051 378 3142 assistenti,
399 3069 437 3125 ut
454 3054 690 3124 munitionem
708 3053 813 3125 castri
831 3052 1002 3122 Montis-F
1004 3051 1091 3122 ortis
1109 3051 1167 3145 (li)
1184 3047 1249 3120 sibi

190 3165 373 3260 redderet,
397 3170 594 3266 imperavit.
619 3171 661 3239 At
680 3169 755 3260 ille,
779 3170 862 3265 quia
878 3166 952 3238 doli
971 3179 1046 3237 erat
1064 3166 1247 3252 conscius,

226 3404 266 3472 (t)
285 3403 309 3457 ll
324 3425 357 3460 ne
372 3408 430 3462 faut
447 3426 496 3480 pas
511 3406 664 3462 consondre
676 3425 707 3461 ce
720 3407 806 3478 jenne
818 3407 951 3476 seigneur
965 3424 1031 3460 avec
1047 3423 1097 3460 son
1114 3404 1211 3473 oncle,
1226 3403 1252 3457 le

192 3490 329 3546 chateiaiu
341 3493 378 3546 du
394 3496 481 3551 Neuf-
484 3496 665 3550 biarche-en·
667 3496 759 3550 Lions.
772 3494 853 3550 Ceiui
866 3493 936 3549 dont
948 3492 969 3547 il
983 3494 1063 3567 s’agit
1076 3493 1114 3548 ici
1125 3494 1197 3548 etait
1211 3491 1252 3544 fils

192 3577 227 3632 de
240 3579 334 3651 Roger
346 3580 380 3634 de
392 3582 532 3640 Roumare
541 3595 569 3638 et
582 3583 617 3638 de
626 3585 710 3638 Lucie
716 3600 793 3656 ‚que
805 3600 874 3637 nous
887 3600 990 3637 venons
1002 3581 1037 3636 de
1049 3582 1110 3637 voir
1121 3599 1152 3635 sc
1165 3597 1252 3634 rema·

192 3664 249 3718 rier
260 3684 324 3719 avec
337 3665 457 3722 Ranulse
470 3669 504 3723 de
518 3671 699 3744 Briquessart.

227 3755 267 3825 (ἲ)
285 3753 500 3810 Probablenrent
515 3758 618 3831 Corhy,
634 3760 697 3831 pres
710 3756 859 3815 stamford.
878 3756 917 3812 Ce
931 3756 1075 3822 demaine,
1096 3757 1171 3810 sitne'
1187 3754 1255 3808 dans
1327 3820 1328 3823 Ἴ

192 3841 217 3896 le
230 3842 434 3907 Lincoinshire,
453 3843 543 3900 devait
560 3849 690 3918 proveuir
704 3848 739 3902 de
757 3846 903 3917 t'heritage
916 3844 992 3898 d’Ive
1004 3843 1174 3909 Taiiiebois,
1190 3861 1252 3914 pm·

193 3929 263 3982 miei·
275 3930 346 3983 mari
359 3929 393 3983 de
407 3929 501 3984 Lucie.

227 4019 267 4086 (3)
285 4021 321 4072 La
335 4019 665 4087 croix-Saint-Lcuffioi,
679 4024 716 4076 οὺ
726 4022 847 4079 Galerau
861 4020 931 4075 avait
945 4038 984 4074 un
996 4018 1128 4074 chareae.

227 4105 266 4172 (i)
286 4108 322 4160 Lc
334 4107 450 4164 chiteau
462 4107 497 4162 dc
511 4106 814 4164 Mentiort-surdtisie.
