3178 5052
353 491 411 550 152
622 483 805 546 HISTORIA
828 483 1133 580 accttsttsttca.
1197 483 1402 561 [ttonttot]

349 618 495 691 deberet
505 617 707 706 insinuavit,
727 630 833 713 atquc
848 616 898 687 sic
911 598 1107 714 principale
1121 613 1306 712 palatium,
1322 639 1405 686 cum

350 732 518 806 omnibus
530 732 741 802 intrinsecus
756 730 966 820 constitutis,
987 730 1058 802 lere
1072 753 1119 800 xv
1137 727 1266 800 diebus·
1279 728 1405 826 guber·

350 849 459 920 navit.
483 852 616 918 Uxores
635 869 760 918 eorum
777 860 812 917 et
830 843 1056 943 pedissequas
1075 859 1109 916 et
1125 845 1279 916 inermes
1295 867 1406 915 eunu-

350 961 438 1034 chos
468 962 627 1058 permisit
655 962 806 1049 intrare,
838 960 958 1058 eisque
983 959 1146 1032 ciborum
1172 957 1406 1031 sufficientem

351 1091 579 1175 apparatum,
606 1090 641 1146 et
664 1074 814 1147 aliorum
836 1099 915 1173 quae
936 1075 1131 1147 necessaria
1153 1077 1272 1164 erant,
1293 1073 1406 1146 admi·

352 1195 513 1264 nistrare.
536 1192 768 1265 Dalimannus
785 1191 956 1289 ingemuit
978 1193 1142 1289 graviter,
1160 1191 1260 1288 quod
1275 1191 1410 1264 domus

353 1330 417 1378 sua
435 1306 501 1377 sibi
518 1307 609 1378 facta
625 1321 677 1378 est
691 1329 823 1396 carcer,
843 1321 879 1378 et
894 1306 965 1378 filia
981 1331 1045 1379 sua
1057 1330 1198 1396 censor,
1218 1331 1301 1378 eum
1314 1331 1408 1378 con-

353 1419 527 1516 stringens
537 1421 675 1491 acriter.
687 1417 790 1490 Unde
799 1419 1071 1508 Machametem,
1084 1423 1201 1490 Deum
1209 1443 1329 1508 suum,
1338 1442 1410 1489 ma·

353 1532 527 1606 ledicebat
543 1534 691 1624 fortiter,
708 1548 743 1606 et
758 1558 884 1608 omnes
900 1536 1052 1624 amicos,
1070 1533 1306 1631 hominesque
1325 1557 1412 1606 suos

353 1666 460 1748 atque
487 1647 746 1727 collimitaneos
772 1649 1035 1723 condemnabat
1063 1650 1316 1740 execrabiliter,
1348 1650 1411 1746 qui

355 1790 438 1837 eum
454 1766 492 1836 in
510 1765 629 1839 medio
644 1766 743 1862 regni
755 1767 809 1836 sui
823 1765 986 1838 sinebant
1000 1766 1159 1864 a'paucis
1172 1765 1332 1862 captivis,
1348 1764 1411 1836 ad·

354 1883 525 1978 venisque
551 1883 692 1958 tractari
710 1880 968 1954 miserabiliter.
997 1880 1126 1954 inclusi
1149 1881 1304 1980 barones
1329 1905 1410 1979 per·

355 2011 542 2068 suaserunt
559 1996 591 2067 ei
602 2020 684 2067 cnm
698 1997 905 2068 Christianis
921 2016 1048 2095 pacem
1061 1996 1189 2086 facere,
1210 2011 1248 2068 ut
1266 1994 1333 2066 sibi
1347 1993 1412 2066 sal·

357 2125 429 2182 tem
447 2109 570 2181 liceret
584 2133 712 2208 parum
730 2109 849 2182 adhuc
871 2113 1000 2185 vivere.
1019 2110 1176 2182 Tandem
1194 2110 1324 2182 duritia
1336 2111 1411 2206 ejus

266 2245 272 2256 ·
357 2225 514 2298 emollita
530 2240 584 2298 est
600 2249 745 2324 pavore.
767 2231 922 2298 Locutus
938 2253 1022 2300 cum
1037 2226 1266 2316 Buamundo,
1286 2251 1413 2326 pacem

356 2341 496 2438 petivit,
525 2340 714 2438 ipsumque
739 2365 822 2412 cnm
849 2341 1018 2414 omnibus
1045 2343 1116 2414 suis
1138 2341 1290 2414 liberum
1315 2339 1414 2414 abitu

357 2455 503 2544 annuit,
526 2469 562 2527 et
579 2479 705 2530 omnes
727 2455 903 2554 captivos,
926 2458 989 2554 qui
1010 2456 1230 2530 subditione
1247 2456 1339 2528 illius
1357 2478 1414 2553 ge·

358 2567 523 2660 mebant,
548 2593 569 2642 a
590 2570 791 2669 captivitate
819 2571 987 2661 absolvit,
1013 2571 1124 2644 filiam.
1144 2596 1289 2670 quoque
1312 2593 1415 2644 suam

357 2685 474 2757 eidem
490 2686 697 2784 spopondit.
787 2693 790 2696 ’

406 2801 539 2874 Callida
556 2802 679 2894 Melaz,
699 2818 738 2875 ut
754 2804 829 2876 haec
845 2805 997 2894 audivit,
1018 2805 1183 2876 referenti
1201 2801 1415 2875 Buamundo

358 2917 542 3015 respondit
573 2946 581 2988 :
612 2921 743 2990 Omnia
771 2918 871 2990 verba
891 2918 1007 3016 facile
1035 2921 1218 3005 dicantur,
1250 2916 1315 2989 sed
1343 2941 1416 2988 non

357 3037 478 3104 omnm
489 3059 628 3131 semper
636 3031 823 3106 credibilia
837 3032 1006 3106 vallentur.
1029 3033 1170 3106 Blanda
1185 3032 1338 3132 qmilem,
1354 3029 1419 3102 sed

354 3145 535 3245 ambigam,
549 3152 668 3245 patric
680 3153 937 3248 meipromr'ssa
943 3165 1130 3250 gratanter
1141 3150 1295 3243 suscipe
1308 3171 1353 3217 ea
1364 3162 1417 3216 ta·

357 3285 439 3333 naen
448 3287 523 3359 quae
533 3279 639 3350 tenes,
652 3265 835 3362 vigilanter
847 3267 970 3354 retine,
987 3264 1097 3335 donec
1106 3261 1281 3335 stabilitus
1290 3263 1417 3332 trium-

350 3375 441 3473 phes
456 3393 559 3447 certes
579 3382 776 3454 serenitatis
790 3378 976 3451 soliditate.
1002 3379 1189 3451 Notissimt‘
1205 3403 1251 3447 ea
1268 3392 1417 3473 utraque

350 3507 459 3587 purte
476 3494 598 3562 nuncil
610 3495 834 3566 Antioclu'am
851 3498 1048 3581 mittantur,
1069 3510 1106 3566 et
1119 3508 1263 3564 armata
1276 3507 1417 3562 acorum

356 3605 478 3678 cohors
491 3606 643 3678 mittam
654 3605 860 3694 adducatur,
880 3636 904 3679 a
917 3609 1040 3708 qalbm
1050 3608 1412 3701 honort'ficestr'patus‚

354 3725 432 3794 sine
448 3721 528 3793 dolo
538 3719 750 3819 perducaris
764 3727 801 3794 r'n
814 3742 910 3797 tuam
927 3728 1115 3824 regionem,
1135 3740 1168 3796 et
1180 3724 1336 3792 omnium
1353 3717 1414 3790 dc·

356 3839 438 3908 vites
455 3837 699 3910 malivolorum
713 3837 870 3911 dolosam
887 3840 1133 3939 deceptionem.
1153 3843 1231 3910 Hoc
1246 3835 1416 3908 omni-bus

354 3952 544 4023 consilium
565 3952 711 4051 placuit.
738 3955 907 4028 Ricardus
938 3956 1045 4052 igitur
1070 3955 1126 4026 de
1143 3952 1348 4051 principatu
1378 3964 1416 4022 et

353 4066 466 4137 Sarcis
479 4064 525 4136 de
545 4067 802 4165 Mesopotamia
820 4068 1043 4141 Antiochiam
1064 4069 1282 4154 missisunt,
1304 4078 1340 4136 et
1359 4087 1414 4134 re·

353 4208 431 4254 rum
455 4197 602 4255 eventus
629 4184 857 4256 antiochenis
886 4183 1124 4256 exultantibus
1149 4179 1412 4254 enodaverunt.
