3256 5048
315 468 354 530 ss
591 463 773 525 ntssonn
797 463 1101 526 secessissent.
1164 452 1375 548 [incensor]

314 613 352 668 et
372 599 410 668 in
431 594 539 680 sella,
550 594 730 694 fre-noque
751 621 828 666 meo
847 620 958 668 saoree
982 599 1104 669 Crucis
1125 599 1267 696 signum
1289 600 1374 692 infi-

311 738 408 812 gam.
432 712 515 784 Tali
526 728 704 784 caractere
723 715 896 804 muninus,
920 713 1088 785 sudaster
1100 717 1202 811 pacis
1217 729 1255 786 et
1274 717 1375 786 recti·

316 829 447 904 tudinis
453 828 657 928 procedam,
672 845 710 900 et
722 829 1003 902 Christianorum
1016 831 1174 929 regiones
1186 828 1375 902 militando

313 945 514 1044 defhndom.
535 950 656 1044 Equus
678 948 796 1045 itaque
812 971 910 1018 meus
928 961 966 1018 et
978 971 1084 1018 arma
1099 971 1180 1018 mea
1194 948 1375 1017 notamine

312 1079 435 1138 sancto
456 1060 704 1160 signabuntur,
732 1077 771 1133 et
795 1085 916 1134 omnes
939 1059 1138 1134 aduersarii
1163 1063 1228 1160 qui
1250 1075 1374 1132 contro

314 1203 371 1249 me
392 1179 673 1266 insurrexerint,
703 1181 743 1250 in
770 1175 919 1252 militem
951 1178 1085 1252 Christi
1099 1174 1370 1276 praeliabuntur.

316 1292 463 1386 Consulo
475 1297 514 1366 in
527 1293 590 1367 illo
602 1297 666 1394 qui
674 1294 956 1391 regitmundum,
968 1293 1065 1394 quod
1070 1298 1144 1394 ipse
1155 1290 1375 1368 novitcordis

314 1411 387 1480 mei
407 1399 597 1498 serrem,
621 1424 660 1481 et
665 1436 737 1508 per
752 1410 831 1510 ejus
854 1410 1080 1485 clementiam
1094 1413 1263 1508 opperiar
1287 1425 1375 1480 tem-

309 1549 380 1624 pus
394 1539 644 1622 opportunum,
660 1549 729 1625 quo
734 1528 872 1624 possem
883 1542 1044 1624 optutum
1054 1550 1232 1625 peragere
1246 1543 1371 1602 votum.

312 1637 522 1712 Guillelmus
544 1663 607 1712 rex
630 1640 703 1712 ait:
736 1643 815 1734 Quo
834 1639 918 1714 libet
934 1639 1036 1733 rade,
1063 1657 1102 1714 et
1115 1639 1211 1741 quod
1224 1643 1275 1714 uis
1294 1668 1371 1742 age.

311 1757 388 1853 Ego
402 1769 528 1826 contra
541 1753 733 1850 cruciferos
745 1753 912 1854 prteliari
925 1754 1026 1844 nolo,
1043 1754 1108 1828 sed
1126 1753 1245 1828 urban
1267 1781 1376 1856 quam

305 1885 415 1967 pater
434 1895 533 1942 meus
548 1873 588 1942 in
603 1871 660 1943 die
679 1874 851 1944 transitus
865 1874 926 1942 sui
939 1887 1065 1944 nacnts
1080 1886 1172 1960 erat,
1189 1871 1280 1944 milii
1294 1899 1374 1945 oen·

312 1985 447 2060 dr'calm
468 1991 521 2060 Tu
536 1989 645 2087 igitur
659 1982 819 2086 dilapsos
829 2011 975 2087 aggeres
987 1991 1222 2062 munitionum
1233 2003 1376 2062 aeorum

313 2127 537 2201 summopere
557 2127 708 2201 reparo,
729 2119 768 2176 et
787 2105 1043 2196 cementarius,
1065 2103 1293 2206 lapuirunque
1310 2131 1375 2178 css-

312 2242 423 2308 sores,
440 2217 533 2290 lucri
546 2215 702 2316 cupidas,
722 2218 883 2292 velociter
894 2243 1065 2318 aggrega,
1081 2235 1299 2319 munusque
1313 2245 1376 2292 ne·

311 2334 505 2436 glectorum
521 2337 646 2407 ruinas
665 2359 848 2408 murorum
863 2351 1049 2433 utcurnwe
1065 2333 1288 2406 resarciendo
1304 2358 1377 2407 ree

315 2467 431 2524 tauro.
463 2451 740 2523 Ceuonrannrbos
761 2454 858 2522 enim
874 2452 963 2522 cives
981 2451 1190 2549 quantocius
1208 2445 1376 2538 visitabo,

176 2641 179 2644 .
313 2581 350 2640 et
367 2583 506 2638 centum
527 2565 644 2638 millia
661 2564 804 2638 lanceas
824 2591 906 2638 cum
928 2565 1066 2638 vexillis
1079 2579 1165 2636 unte
1177 2581 1306 2662 portas
1325 2567 1378 2636 eis

314 2680 571 2773 demonstrabo,
586 2705 650 2754 nec
665 2681 730 2754 tibi
737 2683 816 2754 sine
827 2680 1008 2754 calumnia
1022 2680 1251 2755 hereditatem
1261 2691 1392 2753 meam'

315 2795 511 2898 indulgebo.
533 2800 667 2870 Currus
682 2799 807 2888 etiam,
820 2796 911 2896 pilis
925 2813 1032 2896 atque
1049 2800 1189 2897 sagittis
1210 2811 1373 2884 onusws,

315 2912 401 2986 illuc
413 2939 439 2984 a
454 2912 558 2986 bobus
564 2913 731 3011 pertrahi
733 2912 889 3011 sacram.
903 2911 977 2984 Sed
985 2936 1049 3010 ego
1063 2914 1151 3010 epse,
1165 2937 1246 2984 cum
1257 2909 1378 2982 multis

316 3027 506 3126 legionibus
528 3045 767 3116 armatorum,
792 3025 953 3100 bubulcos
975 3026 1146 3100 alacriter
1165 3025 1308 3098 bonnus
1329 3022 1382 3095 ad

311 3157 439 3242 portas
455 3157 534 3214 tuas
545 3142 756 3238 precedam.
776 3147 862 3215 Hac
877 3142 1055 3214 oerrssune
1070 3139 1215 3228 credito,
1234 3155 1270 3212 et
1284 3161 1377 3210 oom-

309 3253 462 3356 plicrbus
478 3259 546 3328 tuis
560 3255 697 3331 edicito.

364 3371 426 3444 His
444 3373 491 3443 ita
508 3371 859 3470 utrinqueprolatis,
878 3393 1002 3444 comes
1019 3370 1165 3442 recessit
1184 3381 1222 3440 et
1244 3391 1377 3440 consu-

315 3487 427 3560 lstum
455 3509 561 3560 suum
588 3485 735 3560 viriliter
764 3487 930 3560 munivit.
959 3483 1068 3558 Ardui
1100 3505 1284 3582 proceres,
1314 3484 1377 3580 qui

315 3617 497 3676 tantorum
514 3601 709 3676 simultates
727 3600 882 3676 heroum
897 3599 1104 3691 audiebant,
1126 3623 1170 3672 ex
1190 3621 1254 3670 sua
1277 3611 1379 3696 perte

314 3717 405 3792 nihil
424 3718 635 3792 interserere
651 3717 843 3809 audebant,
861 3718 945 3817 quin
962 3715 1144 3816 turgidum
1161 3738 1295 3812 segem,
1314 3712 1379 3784 do-

315 3835 525 3932 minumque
547 3857 653 3908 suum
678 3831 864 3924 timebant,
889 3835 1101 3931 egregioque
1128 3829 1289 3918 consuli,
1315 3827 1378 3925 qui

313 3964 520 4024 constanter
535 3949 764 4050 allegationes
782 3974 864 4022 sues
881 3947 1092 4038 disserebat,
1117 3941 1373 4020 condolebant.

315 4069 400 4138 Erst
419 4065 516 4138 enim
539 4065 675 4166 probus
694 4079 731 4138 et
749 4063 990 4154 honorabilis,
1010 4077 1046 4136 et
1067 4060 1187 4134 multis
1213 4083 1281 4159 pro
1308 4057 1379 4128 vir·

315 4177 451 4254 runbus
473 4179 645 4254 amabilis.
674 4182 834 4281 Corpore
853 4177 1094 4280 precellebat,
1120 4175 1221 4250 tonis
1241 4188 1277 4246 et
1304 4195 1379 4244 me·
