2888 4934
195 413 256 475 ⁴22
454 369 650 467 ¹ursatum
672 405 977 467 acccesusrrm.
1141 408 1250 488 [nu]

194 566 271 614 rem
284 540 413 614 ducere
428 539 592 611 consultu
606 540 804 638 sapientum
818 538 985 627 decrevit,
998 538 1249 635 egregiamque

195 655 350 755 puellam
362 683 371 725 τ
384 653 580 739 Adelidem,
594 653 702 726 filiam
712 653 903 726 Godelredi
913 653 1176 725 Lovenensium
1187 654 1249 724 du-

194 772 257 861 cis,
275 769 513 868 desponsavit.
529 768 715 866 Regalihus
726 763 884 865 insigniis
895 768 1033 843 celebre
1046 764 1244 860 redimitus,

193 910 271 958 earn
284 886 349 957 sibi
363 885 553 958 christiano
566 887 635 957 ritu
645 886 837 983 copulavit,
853 899 888 957 et
900 886 1034 991 regina,
1050 885 1248 956 ministerio

192 1000 417 1073 sacerdotum
430 1016 649 1092 consectata,
666 1026 713 1072 xv
728 1002 831 1074 annis
847 998 885 1072 in
897 1016 1009 1097 regno
1025 1000 1166 1089 floruit;
1183 998 1247 1070 sed

191 1115 268 1189 aliis
293 1117 400 1188 rebus
422 1115 632 1208 abundans,
661 1131 784 1215 optata
805 1115 931 1189 sobole
951 1115 1024 1188 huc
1047 1136 1166 1212 usque
1190 1137 1246 1186 ωε

191 1233 262 1303 ruit
279 1232 345 1329 (l).
365 1236 527 1304 Honores
550 1231 802 1335 defunctorum
831 1232 989 1331 prudens
1009 1255 1073 1303 rex
1099 1228 1248 1327 provide

190 1347 278 1418 vivis
292 1346 492 1444 distribuit.
520 1350 654 1419 Uxores
673 1348 770 1419 enim
789 1364 932 1439 eorum,
955 1360 1017 1420 ant
1041 1344 1152 1438 illias,
1176 1344 1247 1415 sive

190 1477 335 1560 neptes,
365 1462 541 1534 tironibus
572 1462 643 1535 suis
675 1486 759 1534 cum
784 1461 1007 1562 patrimoniis
1039 1452 1244 1556 conjunxit,

190 1591 226 1650 et
246 1578 296 1650 sic
311 1577 431 1678 plures
453 1578 673 1670 consolatus,
697 1578 789 1650 ultra
808 1602 908 1677 spem
927 1575 1123 1649 liberaliter
1140 1574 1245 1647 subli-

190 1694 311 1766 mavit.

194 1827 197 1830 ·
239 1808 433 1880 llannullus
456 1808 655 1880 Baioccnsis
679 1806 833 1879 obtinuit
859 1806 1072 1879 comitatum
1100 1808 1244 1896 Cestre,

188 1946 271 1996 cum
288 1938 366 1996 toto
382 1924 596 2023 patrimonio
614 1923 755 1995 Ricardi
769 1906 924 2014 comitis,
941 1923 1025 2019 quia
1041 1923 1120 2020 ipse
1137 1919 1246 1993 conti·

188 2063 278 2134 gnus
299 2038 403 2112 heres
428 2055 521 2131 erat,
552 2053 676 2138 utpote
700 2062 814 2137 nepos
837 2061 879 2109 ex
907 2034 1101 2123 Mathilda,
1128 2057 1246 2107 sorore

188 2155 349 2249 lingonis
364 2155 504 2226 comitis
519 2154 673 2251 (2).t1ic
688 2155 847 2244 Luciam,
866 2153 1006 2250 Rogerii
1020 2150 1083 2222 lllii
1101 2147 1246 2222 Geroldi

188 2264 364 2358 relictam,
383 2269 573 2366 conjugem
587 2268 731 2360 habuit,
751 2267 797 2339 de
816 2290 888 2365 qua
904 2263 1139 2338 Guillelmum
1157 2267 1245 2336 llan-

187 2379 328 2452 nullum
345 2383 479 2478 genuit,
499 2384 558 2454 cui
573 2382 784 2455 comitatum
798 2387 939 2475 Cestrae,
955 2395 1148 2478 totumque
1164 2381 1246 2453 citra

189 2519 286 2569 mare
302 2498 359 2569 vel
370 2496 461 2568 ultra
472 2497 728 2596 patrimonium
745 2521 849 2571 suurn
862 2499 1020 2571 moriens
1032 2496 1169 2569 dimisit
1181 2494 1244 2593 (3).

223 2815 262 2882 (l)
279 2813 359 2869 Cette
375 2812 452 2867 reine
469 2813 538 2867 etait
556 2810 611 2865 fille
627 2809 664 2864 de
677 2809 803 2866 Geoffroi
820 2811 862 2876 10',
879 2811 922 2865 dit
937 2810 965 2864 le
982 2810 1089 2876 Bar-bn,
1108 2819 1200 2864 comte
1215 2807 1246 2863 (la

188 2899 309 2954 Brabant
322 2898 399 2956 etde
414 2901 549 2965 Louvain,
566 2910 594 2953 et
608 2897 686 2972 d'lde
701 2898 737 2953 dc
753 2899 869 2954 Namur.
884 2900 921 2953 Le
938 2899 980 2954 roi
996 2901 1064 2952 etait
1077 2899 1132 2971 ige
1143 2900 1178 2953 de
1190 2899 1245 2953 cin·

188 2997 292 3059 quante
307 2997 390 3040 etun
406 3004 465 3039 ans.
480 2985 519 3040 Cc
533 2986 654 3056 mariage
668 2985 711 3039 int
727 2985 825 3040 conclu
843 3003 908 3039 avec
924 3003 979 3039 une
995 2985 1103 3058 grande
1116 2985 1245 3059 rapiditti,

188 3085 217 3130 et
236 3074 370 3147 accompli
390 3074 439 3130 des
459 3074 485 3130 la
507 3074 686 3130 Chandelenr
703 3077 788 3146 ttat,
808 3077 824 3128 a
842 3073 989 3141 Windsor,
1010 3093 1099 3129 eausa
1117 3077 1204 3145 proles
1223 3083 1248 3127 et

186 3165 413 3237 pulchritudines.
433 3164 457 3218 ll
471 3165 560 3236 parait
574 3164 657 3237 qu'en
676 3164 740 3218 effet
756 3163 875 3219 Adelide
890 3164 926 3218 de
942 3164 1065 3218 louvain
1081 3167 1152 3219 etait
1169 3165 1247 3220 d'nne

188 3249 288 3306 beaute
305 3253 507 3326 remarquable.
523 3254 562 3307 Ce
578 3269 691 3324 passage
703 3251 738 3306 de
751 3262 832 3306 notre
846 3263 947 3307 auteur
959 3252 1020 3306 doit
1033 3253 1112 3306 avoir
1125 3256 1170 3307 ete
1182 3253 1248 3307 e'crit

187 3348 269 3392 avant
278 3339 303 3393 la
316 3351 390 3395 mort
398 3339 434 3395 de
447 3341 536 3395 Henri
550 3342 593 3395 1·.
605 3341 722 3395 Comme
733 3338 870 3394 Windsor
880 3350 922 3396 est
935 3341 1008 3395 situe
1021 3337 1091 3394 dans
1104 3340 1133 3394 le
1144 3340 1248 3395 diocte

188 3426 224 3479 de
238 3424 390 3500 Salisbnry,
404 3428 430 3484 la
442 3427 620 3484 benediction
634 3425 760 3500 nuptiale
772 3426 847 3482 allait
858 3429 918 3483 titre
929 3427 1039 3483 donnee
1051 3446 1102 3501 par
1114 3427 1248 3501 l’eveique,

188 3516 237 3589 qui
248 3516 319 3570 avait
329 3517 391 3588 ‹leja
401 3520 496 3575 revetu
507 3537 550 3574 ses
561 3517 654 3573 habits
667 3517 849 3590 pontificaux,
864 3517 1005 3592 lorsqu'on
1018 3517 1059 3572 vit
1071 3520 1178 3573 arriver
1189 3516 1250 3570 l'ar-

189 3603 329 3676 chorique
347 3605 436 3660 Raoul
450 3607 609 3673 d'Escures,
624 3624 679 3680 quc
695 3605 750 3660 l’on
770 3608 875 3678 croyait
894 3617 992 3661 retenn
1013 3606 1082 3663 ebes
1101 3606 1143 3662 lui
1162 3626 1212 3680 par
1226 3603 1251 3659 la

188 3689 339 3763 paralysie,
357 3696 450 3767 etqui
470 3697 588 3767 chargea
610 3695 733 3769 l'eveque
749 3694 785 3750 de
802 3694 968 3750 Worcester
988 3693 1023 3749 de
1043 3695 1180 3769 prooeder
1195 3697 1211 3749 a
1226 3692 1251 3748 la

189 3779 362 3847 ceremonie,
377 3778 564 3838 ll’eaclusion
580 3782 618 3838 dn
631 3782 721 3856 prelat
734 3783 894 3851 diocesainl

224 3870 265 3938 (2)
278 3866 398 3922 Ranulle
409 3867 445 3921 de
455 3867 630 3942 Rriqnessart
640 3873 800 3942 (commune
810 3869 846 3925 tle
856 3872 952 3943 Livri),
963 3872 1083 3928 vicomte
1095 3873 1137 3928 dn
1147 3873 1249 3941 Bessin,

190 3957 287 4010 cousin
297 3957 421 4029 germain
434 3955 470 4010 de
479 3955 614 4025 Richard,
629 3970 721 4015 comte
731 3959 767 4015 de
778 3960 906 4029 Cltester,
918 3980 967 4034 par
976 3979 1006 4016 sa
1016 3962 1093 4017 mire
1103 3960 1248 4029 Matbilde,

190 4060 264 4097 soenr
274 4045 311 4098 du
326 4056 417 4100 comte
430 4045 542 4118 lingue.

225 4134 263 4205 (3)
282 4134 364 4188 lucie
381 4136 452 4190 avait
470 4137 573 4207 cpouse
586 4153 620 4188 en
634 4136 765 4191 secondes
778 4155 861 4193 noces
875 4137 980 4210 Roger,
995 4136 1038 4193 fils
1053 4137 1089 4193 de
1100 4135 1210 4194 Gemtd
1222 4144 1249 4190 et
