2888 4934
187 459 270 536 [uaso
289 458 381 532 1102]
559 453 677 515 LlBER
697 453 883 514 DECfflUs.
1189 457 1247 519 133

188 588 284 659 mirae
314 584 551 659 multitudinis
584 587 744 659 resistere
777 582 1013 658 sufficiebant.
1047 586 1248 685 Stephanus

187 703 293 800 igitur
315 715 351 774 et
371 701 551 798 Harpinus
572 715 678 798 atque
698 699 907 772 Guillelmus
925 700 1156 774 Sine-habere
1171 703 1245 798 (l),

187 817 318 915 aliique
336 840 463 889 omnes
485 817 560 913 regi
580 840 788 916 pessuasere
805 829 844 887 ut
865 816 902 886 in
922 814 1112 889 ierusalem
1134 815 1249 891 abiret

188 958 269 1007 cum
286 933 389 1005 omni
404 931 596 1006 celeritate:
617 935 854 1020 Festinanter,
874 932 1053 1029 inquiunt,
1071 948 1249 1005 ostrenue

189 1051 251 1137 uir,
274 1049 314 1119 in
328 1063 491 1119 sanctam
507 1046 625 1119 urbem
640 1071 812 1144 propero,
835 1072 880 1119 rse
893 1049 972 1119 sine
984 1063 1184 1145 protectore
1200 1063 1252 1121 tot

187 1187 266 1235 eam
280 1161 465 1233 involvant
471 1167 628 1261 agmina,
644 1164 826 1260 ipsamque
837 1176 986 1233 matrem
999 1187 1079 1233 eum
1091 1159 1250 1233 omacius

183 1277 276 1372 filiis
303 1280 379 1348 suci
404 1294 616 1350 consumant
639 1279 902 1376 impugnatione
930 1281 1127 1375 repentina.
1162 1280 1251 1351 Ecce

185 1395 328 1491 pariter
353 1392 409 1464 lu'c
437 1392 567 1466 inclusi
587 1419 719 1479 sumus,
750 1409 786 1463 et
809 1395 847 1464 in
872 1390 1089 1488 coufhssrorte
1121 1391 1252 1469 Clrrrsti

183 1510 299 1600 firiem
320 1525 480 1580 nosuum
495 1512 584 1582 certi
601 1524 845 1607 expectamus,
867 1511 1071 1581 Creatorem
1091 1525 1251 1581 nostrum

190 1639 261 1697 tolo
284 1620 391 1695 corde
407 1640 591 1723 pascentes
612 1626 744 1724 atejus
764 1627 837 1696 veri
857 1640 1034 1720 martyres
1057 1627 1183 1711 scmus,
1217 1641 1254 1697 et

185 1764 254 1838 per
272 1737 486 1837 effusionem
499 1743 538 1813 ire
549 1741 627 1840 ejus
640 1744 783 1813 nomine
800 1744 984 1841 sanguinis
1005 1744 1121 1813 nostri
1133 1767 1156 1812 a
1167 1767 1252 1838 pec·

191 1859 277 1929 catis
291 1856 524 1931 emundemur
538 1856 709 1945 omnibus,
733 1857 876 1956 ejusque
888 1855 1152 1930 desiderabilem
1177 1857 1250 1929 uul-

192 1989 266 2045 mm
280 1972 382 2045 nobo
394 1973 608 2070 placabilem
624 1998 704 2045 cum
719 1975 793 2045 suis
809 1971 1045 2070 contemplsri
1059 1972 1248 2047 caleamus.

193 2088 303 2179 Vale,
325 2087 414 2160 bone
429 2113 510 2176 ree,
532 2091 652 2160 etesi
673 2091 857 2178 continuo,
877 2090 1036 2186 quamvis
1056 2091 1150 2159 inter
1172 2104 1252 2161 ton·

192 2218 262 2291 tos,
289 2219 433 2301 tamque
454 2202 612 2277 crudeles
633 2203 784 2277 lsostium
798 2201 1006 2302 phalanges,
1027 2201 1188 2300 difficilis
1206 2208 1255 2277 sit

190 2320 355 2417 egressio,
376 2322 447 2391 nisi
464 2317 584 2391 diuina
605 2317 668 2390 tibi
684 2322 869 2391 comitetur
885 2321 1077 2390 miseratr'o.

238 2435 343 2506 Anxii
359 2434 513 2508 barones
528 2435 604 2508 haec
622 2450 657 2507 et
673 2434 741 2508 elia
758 2434 814 2507 his
831 2434 958 2508 similia
975 2438 1049 2534 regi
1067 2436 1249 2525 dixerunt,

191 2551 381 2650 ipsumque
398 2550 443 2624 de
460 2551 618 2650 periculo
635 2553 670 2622 in
688 2551 802 2648 majus
819 2550 1016 2650 periculum
1032 2551 1153 2650 egredi
1172 2575 1255 2625 coe·

191 2679 333 2762 gerunt.
360 2664 421 2738 llle
444 2681 626 2739 tantorum
647 2664 848 2738 hortatibus
870 2666 1039 2756 heroum,
1063 2666 1145 2738 licet
1161 2668 1253 2741 invi·

192 2795 267 2870 tus,
290 2780 492 2878 adquievit,
518 2797 553 2854 et
577 2781 730 2855 celerem
754 2783 901 2878 equam,
933 2782 1251 2877 fortissimamque,

192 2920 302 2994 qimm
325 2897 558 2994 Farisiam(2)
581 2897 778 2996 appellant,
800 2922 883 2969 cum
908 2921 980 2969 uno
1000 2896 1112 2967 milite
1135 2919 1256 2973 asceu-

194 3011 268 3099 dis,
287 3027 325 3085 et
346 3037 522 3110 egressus,
547 3012 694 3085 hostiles
716 3027 875 3085 catervas
894 3026 1024 3101 noctu,
1047 3026 1257 3109 protegente

194 3132 285 3221 Deo,
307 3128 436 3203 illesus
459 3131 674 3228 penetmvit;
700 3152 855 3225 cumque
876 3142 987 3202 noctu
1005 3143 1121 3203 cestra
1147 3133 1254 3231 Pegu-

228 3477 270 3553 (i)
288 3477 369 3532 Nous
382 3486 549 3532 retrouvons
565 3477 601 3530 ici
618 3494 649 3531 ee
662 3494 851 3549 personnage,
868 3494 923 3551 que
936 3493 988 3533 nos
1003 3475 1124 3533 boseus
1137 3486 1258 3551 pensent

196 3585 224 3621 se
236 3566 367 3622 sourenir
379 3565 484 3620 d’avoir
495 3584 531 3620 vu
545 3565 650 3639 figures
663 3585 727 3621 avec
739 3584 789 3620 son
801 3565 881 3620 oncle
894 3564 1016 3621 Gautier
1026 3564 1063 3619 de
1073 3563 1162 3619 Poissi
1175 3574 1204 3618 et
1215 3581 1258 3618 scs

196 3661 264 3713 trois
289 3659 377 3713 freres
398 3680 404 3712 ε
422 3657 552 3726 Gautier,
578 3656 675 3714 Simon
701 3667 730 3711 et
750 3648 1080 3719 Mathieu·Ssns-Avoir,
1103 3654 1258 3721 eidessus,

196 3758 218 3802 t.
232 3748 291 3814 Ill,
306 3767 334 3820 p.
350 3747 412 3803 trs.
429 3745 506 3800 Nous
519 3746 672 3819 persistens
685 3748 700 3799 ἐι
713 3745 751 3800 les
766 3748 909 3819 presentes
924 3762 1033 3800 comme
1046 3744 1211 3818 originaires
1224 3742 1259 3799 de

197 3836 384 3891 incommune
396 3835 432 3890 de
447 3833 733 3898 hoissi-Sans·Avoir‚
748 3839 763 3890 ὲ
778 3833 896 3909 laquelle
911 3833 972 3888 leur
984 3832 1089 3888 familie
1102 3850 1169 3887 aura
1181 3832 1261 3888 laissi

197 3941 247 3979 son
259 3941 337 3978 nom.
353 3924 432 3978 Nous
443 3941 556 3978 serrone
570 3934 632 3978 tout
644 3926 659 3977 ὲ
672 3922 779 3978 l'heure
791 3942 848 3997 que
859 3922 1023 3980 Guillaume
1033 3933 1064 3978 et
1073 3921 1170 3978 Simon
1184 3921 1260 3995 peri·

199 4021 263 4067 rent
276 4015 291 4066 'a
304 4011 330 4064 la
343 4011 455 4066 bataille
468 4011 504 4066 de
516 4012 624 4067 Ramla.

234 4100 275 4170 (2)
293 4100 409 4154 tument
428 4098 530 4154 Arabe.
549 4099 630 4156 Cette
641 4100 753 4171 jument
763 4098 801 4155 de
819 4098 965 4155 Beudouin
984 4100 1054 4154 itait
1067 4097 1176 4155 celebre
1190 4112 1261 4169 pom·

203 4204 229 4240 sa
240 4188 356 4253 viteam
371 4186 390 4241 il
402 4187 440 4241 lui
457 4187 508 4243 dut
522 4187 661 4261 plusieurs
671 4188 724 4245 lois
736 4206 787 4245 son
801 4188 887 4256 solut,
903 4199 932 4244 et
949 4188 1089 4260 l‘appelait
1104 4206 1132 4242 sa
1148 4183 1260 4259 gmlle.
