2888 4934
203 458 265 522 att
476 457 659 518 ntsronu
682 458 986 524 nectasturtca.
1156 471 1261 548 [1119]

202 591 357 678 tiochiae,
381 590 561 662 Bernardo
582 592 783 665 Patriarcha
803 594 1034 692 prohibente,
1058 596 1105 670 ad
1127 598 1261 672 bellum

202 708 386 806 prooessit,
399 730 465 778 nec
475 721 676 805 exspectare
685 708 911 798 Balduinum,
925 737 1046 809 regem
1056 714 1258 807 Ierusalem,

201 849 310 921 quem
329 824 544 911 asciverant,
565 823 690 895 voluit.
708 825 807 898 Miles
824 827 971 924 quidem
992 846 1067 903 erat
1088 831 1208 904 audax
1227 850 1262 905 et

200 955 405 1039 promptus,
427 938 490 1010 sed
512 939 627 1036 impar
650 941 843 1038 prioribus,
866 947 948 1041 quia
966 970 1123 1043 nequam
1141 962 1178 1020 et
1194 947 1260 1020 alr

198 1058 348 1128 stiuatus
365 1081 407 1127 ao
423 1055 628 1126 temerarius
645 1056 710 1152 (4).

248 1171 421 1259 Pontifex,
440 1184 587 1268 paterno
606 1195 705 1243 more
722 1198 789 1270 pro
808 1173 945 1271 populo
964 1175 1154 1268 sollicitus,
1176 1176 1261 1252 duci

198 1287 304 1357 nimis
317 1285 521 1383 properanti
534 1283 620 1356 dixit
634 1313 644 1354 ε
657 1285 873 1359 Probitatem
888 1304 996 1377 taam,
1013 1306 1157 1364 strenae
1167 1290 1255 1380 daea,

191 1400 389 1499 prudenter
408 1399 604 1486 moderare,
627 1426 669 1471 ac
686 1401 902 1474 Baldainam
921 1430 1039 1504 regem
1058 1422 1094 1477 et
1111 1406 1259 1479 Josoeli·

197 1543 294 1604 nam,
312 1517 466 1614 altosque
467 1514 598 1609 fideles
602 1519 786 1612 patricios,
792 1517 876 1616 jam
887 1517 1260 1593 adnostrisabstdritm

194 1658 414 1731 samnwpere
435 1633 668 1718 manicanter,
686 1632 909 1727 praestolare.
933 1637 1140 1706 Temeraria
1147 1634 1260 1730 sesti-

195 1752 293 1820 natio
309 1750 491 1849 plerisque
511 1751 618 1820 nimis
640 1752 773 1834 nocuit,
802 1753 1016 1850 summisque
1035 1750 1261 1849 prr'rtcr'pt'bus

195 1868 301 1936 vitam
320 1882 358 1937 et
374 1868 554 1937 aratoriam
572 1861 726 1934 abstulit.
749 1867 926 1936 Historias
946 1868 1112 1964 antiquas
1131 1882 1170 1936 et
1184 1891 1258 1938 mo·

193 1976 324 2050 cernas
337 1982 481 2064 rimare,
502 1995 537 2050 et
553 1978 784 2067 mirificorum
798 1994 938 2049 eventus
949 2004 1069 2079 regma
1079 1978 1257 2052 subtiliter

192 2094 340 2165 intuere.
372 2094 515 2164 Sat't'lem
540 2109 578 2164 et
602 2097 756 2181 lostam,
788 2093 986 2193 ludamque
1014 2093 1258 2167 Machabaeum

192 2208 315 2296 recole,
334 2215 511 2281 Romanor
525 2233 659 2307 quoque
671 2207 769 2306 apud
782 2212 927 2281 Cannas
937 2208 1085 2281 &rictas
1096 2208 1144 2280 ab
1156 2213 1257 2281 Han-

191 2323 322 2409 nibale,
342 2340 380 2394 et
393 2350 437 2394 ne
449 2323 565 2421 parili
580 2327 685 2394 ruina
702 2349 780 2394 cum
798 2322 861 2394 tibi
873 2323 1034 2422 subjectis
1048 2325 1257 2422 praecipitia-

191 2443 252 2525 ris,
265 2439 428 2539 diligenn'
437 2463 701 2537 earapraecare.
719 2438 943 2511 Venerabt'les
954 2442 1076 2528 soecos,
1093 2440 1251 2539 qm'fide,

190 2555 464 2655 multimodaque
491 2559 615 2626 virtute
634 2555 863 2653 precellunt,
896 2571 1082 2654 exspecta,
1114 2571 1254 2627 etcum

189 2674 275 2769 r'psa'r
284 2674 322 2743 in
336 2675 459 2745 viram
469 2673 719 2769 omnipotentis·
726 2674 797 2742 Dei
802 2688 927 2743 eontra
932 2677 1098 2772 Pagaaotr
1106 2670 1252 2758 demina,

187 2803 238 2874 et,
253 2787 403 2886 jurante
418 2793 505 2875 Deo,
515 2785 658 2883 frueris
675 2803 796 2884 optata
816 2789 969 2858 viatoria.
990 2792 1072 2858 Haeo
1085 2798 1125 2859 et
1141 2786 1255 2860 multa

187 2901 242 2975 his
263 2905 390 2977 similia
407 2902 579 3003 providus
598 2903 726 3002 praesul
743 2903 884 2975 locutus
901 2918 955 2976 est
970 2903 1040 3000 (2)
1064 2900 1136 2974 Sed
1153 2903 1254 3001 prin·

188 3043 273 3117 ceps
290 3020 482 3121 superbus,
505 3020 626 3092 omnia
647 3043 837 3117 spernens,
861 3019 1041 3118 profectus
1061 3031 1136 3108 est,
1158 3031 1197 3089 et
1216 3017 1252 3088 iu

188 3135 332 3233 planitie
345 3141 542 3210 Sarmatam
559 3161 643 3208 cum
654 3160 703 3208 vn
716 3134 872 3207 millibus
884 3149 999 3206 castra
1012 3148 1168 3205 metatus
1181 3147 1250 3205 est.

223 3408 266 3480 (4)
285 3411 323 3463 Le
335 3429 401 3464 nom
412 3409 550 3484 d'Ylgazy,
563 3411 661 3484 prinae
671 3420 817 3464 turcoman
830 3408 865 3465 de
878 3408 1001 3464 Maridiu
1013 3419 1042 3465 et
1054 3407 1165 3482 d'Alep,
1180 3407 1254 3465 dela

188 3495 291 3551 iamille
302 3496 433 3567 d‘Ortolr‚
447 3509 488 3553 est
499 3517 572 3553 assez
585 3497 804 3554 reconnaiasable
816 3498 885 3552 daus
896 3497 967 3553 oelni
979 3496 1092 3552 d’Amr'r
1107 3497 1203 3567 δαεὶς,
1216 3515 1255 3552 ou

187 3584 278 3639 l’emir
289 3586 388 3653 Gazis,
402 3605 457 3661 que
471 3585 511 3641 tut
523 3586 616 3641 donne
630 3587 666 3641 ici
679 3596 760 3640 notre
772 3595 880 3640 auteur.
895 3586 934 3642 (Ἃ
946 3584 990 3640 fut
1001 3603 1036 3640 eu
1048 3588 1135 3654 4449,
1148 3596 1178 3640 et
1191 3587 1261 3660 pres

188 3673 336 3743 d'Artesie,
350 3673 418 3730 dans
429 3694 468 3730 un
480 3676 535 3731 lieu
549 3678 662 3731 nomme'
673 3674 699 3729 le
712 3675 822 3747 Champ
834 3672 872 3728 du
882 3673 967 3746 Sang,
981 3691 1037 3748 que
1049 3674 1093 3729 snt
1105 3673 1220 3729 duuuee
1229 3673 1254 3728 la

188 3761 300 3816 bataille
312 3763 381 3817 dans
392 3764 511 3839 laquelle
523 3765 598 3837 perit
608 3765 703 3836 Roger
715 3763 750 3817 de
761 3762 787 3818 la
797 3763 988 3834 principante.

224 3857 265 3922 (2)
284 3852 308 3907 ll
329 3853 399 3908 n'eat
419 3853 574 3909 nullement
593 3853 753 3927 impossible
771 3869 827 3926 que
845 3850 871 3906 le
888 3851 1052 3908 Petriarche
1068 3851 1198 3907 nemra
1216 3852 1261 3908 ait

188 3943 265 4014 parle
284 3946 299 3997 a
316 3943 410 4015 Roger
429 3941 498 3996 dans
516 3961 547 3996 ce
565 3960 641 4010 sens,
659 3942 782 4016 quoique
798 3939 1009 4012 probablement
1023 3958 1087 3996 avec
1103 3958 1144 3995 uu
1160 3940 1260 3994 moins

191 4029 277 4100 grand
296 4028 419 4104 appareil
433 4029 616 4096 d’erudition3
635 4031 704 4084 mais
721 4048 753 4084 ce
768 4028 837 4102 qu'il
850 4048 868 4101 y
882 4048 898 4082 a
912 4028 948 4083 de
964 4030 1083 4097 certain,
1102 4029 1171 4083 c'eat
1183 4024 1257 4102 qu'il

190 4118 321 4173 demeura
335 4124 350 4174 'a
361 4118 514 4185 Antioche,
528 4128 557 4173 et
565 4136 620 4191 que
629 4133 660 4172 oe
671 4118 715 4172 lut
725 4116 916 4191 l'archereque
928 4115 1079 4191 d'Apamtie
1089 4117 1141 4191 qni
1152 4130 1258 4186 exeret

191 4205 229 4258 les
241 4207 378 4261 fonctions
390 4205 561 4280 pontificales
572 4223 608 4259 au
620 4214 745 4261 moment
756 4203 793 4261 de
805 4203 831 4258 la
843 4203 962 4261 bataille.
