3190 5064
341 476 402 541 480
622 472 808 538 HISTORIA
829 471 1134 554 Ecctmtasttca.
1292 483 1403 562 [1128]

342 632 471 681 manus
483 608 560 705 ejus
569 607 667 707 apud
676 610 792 682 Triam
803 609 872 706 (l),
883 607 1245 705 Viloassinicastrum',
1260 613 1400 708 incidit,

318 747 450 820 «quem
471 722 686 796 servandum
709 723 884 797 Amalrico
907 723 952 796 de
973 727 1208 800 Monte-lorti
1236 728 1403 828 protinus

341 837 541 911 destinavit.
560 837 723 937 Denique
739 863 813 911 non
831 840 945 912 multo
961 854 1044 938 post
1060 840 1135 913 dur
1149 842 1319 915 cumdem
1336 869 1402 943 per

340 954 537 1026 amicorum
556 954 844 1052 procurationem
862 956 900 1026 in
923 954 1116 1029 amicitiam
1142 957 1294 1054 recepit,
1318 971 1355 1030 et
1378 982 1401 1030 a

340 1069 489 1144 vinculis
510 1067 682 1142 liberavit.

388 1184 493 1285 Apud
517 1190 639 1285 lprum
665 1198 738 1258 tres
762 1186 1303 1285 munitioueaerant,q1umun
1327 1211 1401 1261 una

339 1300 441 1373 ducis
455 1312 548 1392 erat,
566 1299 677 1373 altera
692 1298 891 1391 Guillelmi,
910 1315 946 1374 et
959 1303 1063 1374 tertia
1078 1301 1262 1376 Danihelis
1277 1317 1313 1375 et
1329 1305 1401 1376 Eu·

339 1413 433 1486 veni.
452 1413 506 1486 lbi
520 1413 642 1487 hostes
657 1412 759 1486 ducis
775 1414 813 1486 in
825 1429 980 1488 mortem
996 1414 1074 1512 ejus
1086 1416 1398 1515 conspiravenmt,

338 1531 376 1602 in
392 1553 512 1602 arcem
527 1530 733 1628 ejus-noctu
753 1531 890 1604 irruere
908 1530 1162 1623 decreverunt,
1183 1547 1221 1606 et
1243 1547 1401 1632 quatuor

337 1661 489 1737 turmas,
512 1659 554 1719 ut
575 1645 779 1719 nullatenus
801 1646 949 1720 exitium
971 1647 1157 1741 evaderet,
1181 1649 1399 1722 extrinsecus

337 1761 609 1832 eonstinrerunt.
633 1764 745 1832 Porro
761 1760 853 1851 dux,
876 1760 939 1857 qui
960 1774 1034 1834 tam
1054 1759 1198 1836 feralem
1216 1763 1399 1837 maehina·

338 1876 473 1948 tionem
497 1875 565 1950 sibi
587 1889 747 1974 paratam
772 1874 974 1962 nesciebat,
999 1874 1048 1948 ad
1075 1875 1272 1975 quamdam
1301 1879 1400 1950 venit

308 1987 564 2088 rjuvenculam
590 2013 699 2088 quam
723 1989 879 2064 amabat.
909 1989 970 2064 llla
998 2014 1085 2063 vero
1107 2005 1214 2090 caput
1236 1991 1333 2088 ejus,
1360 2007 1401 2065 ut

337 2104 486 2199 solebat,
501 2103 600 2198 lavit,
615 2119 664 2197 et,
679 2105 822 2201 cognita
836 2105 957 2178 hostili
967 2105 1229 2202 conjuratione,
1243 2104 1398 2180 lavando

337 2219 446 2294 flevit.
461 2219 676 2294 Adolescens
689 2219 927 2318 lacrymarum
937 2245 1083 2294 causam
1095 2219 1141 2295 ab
1152 2221 1268 2296 amica
1281 2222 1400 2320 inqui·

336 2335 430 2429 sivit,
440 2335 611 2437 vprecibus
621 2352 658 2409 et
670 2337 777 2410 minis
789 2335 937 2410 solerter
948 2337 1107 2428 extorsit,
1126 2335 1259 2434 quibus
1274 2351 1400 2412 coacta

336 2449 492 2523 seriatim
515 2449 647 2524 deterrit
669 2451 842 2548 quicquid
864 2452 911 2524 ab
934 2450 1086 2524 inimicis
1113 2449 1193 2547 ejus
1215 2451 1262 2525 de
1282 2466 1400 2524 morte

336 2566 563 2664 compererit:
579 2565 746 2638 Protinus
755 2566 814 2639 ille
823 2591 908 2638 cunr
917 2567 991 2640 suis
1002 2589 1116 2658 arma,
1127 2567 1265 2666 capillis
1277 2565 1400 2640 adbuc

339 2679 564 2780 impexia(2)‚
574 2680 737 2779 arripuit,
751 2680 937 2780 ipsamque
948 2705 1085 2770 secum,
1095 2703 1143 2753 ne
1153 2679 1276 2778 aliquo
1285 2680 1399 2754 modo

336 2795 594 2894 periclitaretur
606 2795 761 2888 euanuit,
774 2810 811 2868 et
821 2794 1012 2869 Guillelrno
1025 2794 1109 2867 duci
1122 2780 1397 2886 Pictavenaium,

335 2937 457 2985 coaevo
476 2912 715 2985 commilitoni
731 2936 819 3005 suo,
841 2935 908 3012 per
922 2909 1117 3008 quemdam
1129 2907 1300 2983 abbatem
1316 2909 1399 2983 des·

337 3026 480 3116 tinarit,
514 3027 702 3124 ipsumque
729 3040 771 3098 ut
795 3023 1034 3098 liberatricem
1061 3045 1166 3096 suam
1193 3022 1400 3097 honorabili

336 3142 654 3236 connubio,.sieut
676 3165 837 3216 sororem
852 3165 981 3233 auam,
1005 3140 1158 3213 donaret
1181 3137 1396 3214 obsecravit.

337 3258 446 3346 Quod
461 3258 511 3332 ita
527 3256 660 3330 sactum
675 3271 740 3330 est.

372 3595 412 3670 (t)
421 3573 699 3664 'Triele-Cblteau,
711 3593 777 3669 pres
788 3592 899 3651 Giton.
915 3593 993 3651 Nous
1004 3609 1109 3651 renona
1119 3591 1155 3648 de
1167 3593 1227 3649 voir
1237 3609 1294 3668 qne
1305 3607 1338 3647 ce
1349 3590 1398 3647 leit

337 3683 406 3740 etait
415 3685 577 3738 controure.

372 3773 412 3846 (ἱ)
429 3769 497 3828 Non
512 3770 638 3845 peigue‘s.
655 3770 733 3827 Tout
748 3789 780 3826 ce
796 3770 970 3845 paragraphe
986 3769 1057 3826 n’est
1075 3771 1179 3846 qu‘nne
1197 3767 1234 3824 ‹le
1248 3783 1294 3823 oea
1308 3767 1398 3824 bisto-

337 3860 434 3917 riettea
445 3857 552 3915 faiteal
566 3857 662 3933 plaisir
674 3857 870 3933 qn’admettait
883 3869 947 3933 trop
960 3857 1120 3915 facilement
1131 3857 1157 3913 la
1168 3856 1280 3930 loyaut&
1292 3871 1331 3910 un
1345 3873 1400 3928 pen

337 3949 451 4010 entole
471 3949 508 4007 ‹le
528 3959 610 4006 notre
631 3959 741 4006 auteur.
763 3949 813 4006 Lea
833 3948 987 4006 historiens
1006 3946 1120 4016 locans,
1140 3946 1286 4018 beaucoup
1307 3945 1400 4000 miens

338 4041 479 4110 instrum,
493 4057 521 4096 se
533 4049 596 4096 sont
608 4036 674 4093 bien
688 4037 787 4110 garder
798 4037 871 4094 dela
883 4039 1004 4112 repetet.
1017 4038 1083 4111 Ipre
1093 4036 1165 4092 avait
1177 4035 1223 4090 ete
1238 4033 1297 4108 pria
1312 4029 1400 4105 parle

338 4129 380 4184 roi
393 4127 429 4184 de
441 4128 548 4184 Frauce
563 4135 592 4182 et
603 4123 766 4180 Guillaume
781 4123 891 4193 Cliton,
905 4123 955 4180 dea
966 4123 993 4180 le
1005 4127 1041 4183 Ἃ
1058 4122 1126 4180 avril
1140 4123 1219 4179 titt.
1235 4119 1276 4177 Ge
1287 4117 1399 4174 dernier

339 4235 374 4270 en
387 4215 476 4270 faisait
490 4231 518 4268 sa
530 4211 684 4287 principale
698 4210 848 4268 residenee.
