3140 5076
128 513 238 590 [tus]
457 504 862 570 nrrnuoucoscruos.
1129 503 1186 570 aar

127 643 186 729 sit,
203 654 240 716 et
252 640 376 738 ingens
387 637 515 712 seditio
528 653 641 712 totam
653 639 837 736 regionem
848 635 1008 734 undique
1017 636 1187 710 turbavit.

127 762 316 830 lnvasores
339 755 430 827 arcis
452 755 674 853 episcopium
696 770 734 827 et
756 745 884 827 urbem
906 752 1130 844 invaserunt,
1156 767 1193 825 et

129 897 280 946 omnem
295 871 456 972 episcopi
471 871 727 971 supellectilem
741 895 827 943 cum
842 869 942 942 libris
954 883 991 942 et
1003 893 1194 942 ornamen-

128 988 176 1061 tis
189 985 429 1085 diripuerunt,
448 985 586 1084 sibique
599 983 727 1060 bellica
740 986 775 1058 vi
788 985 1097 1083 circumjacentem
1110 1007 1194 1082 pro·

128 1104 287 1176 vinciam
303 1101 532 1199 subegerunt.

182 1215 343 1290 Audiuus
373 1231 494 1289 autem
524 1217 733 1315 episcopm,
763 1240 810 1288 ne
839 1214 1079 1305 occideretur,
1110 1235 1194 1285 cum

129 1334 339 1408 domesticis
358 1333 430 1406 suis
451 1331 604 1428 aufugit,
630 1345 665 1404 et
687 1357 751 1430 per
773 1355 887 1404 unum
908 1353 1046 1403 annum
1066 1328 1136 1400 bac
1159 1341 1197 1400 et

129 1449 216 1524 illac
242 1462 453 1550 pervagatus
483 1447 649 1520 exulari.
685 1448 836 1521 Barbam
866 1472 954 1521 vero
987 1469 1090 1519 suam
1120 1466 1195 1517 non

131 1565 222 1636 rasit
238 1563 314 1661 (l),
334 1561 530 1660 habituque
547 1586 613 1634 suo
630 1561 767 1635 luctum
788 1561 1031 1635 ecclesiastice
1052 1557 1197 1632 desola-

132 1679 243 1751 tionis
254 1676 478 1749 monstravit.
489 1674 682 1749 Tribulatio
694 1675 901 1774 hujusmodi
911 1675 1047 1747 Ebrcas
1058 1672 1194 1762 alllixit,

134 1808 174 1866 et
189 1793 316 1890 sugatis
332 1791 417 1863 inde
431 1790 580 1883 clericis,
598 1816 663 1890 per
679 1817 793 1865 unum
807 1817 942 1865 annum
959 1790 1093 1863 ibidem
1107 1788 1197 1860 divi-

133 1935 227 1982 num
241 1907 401 1981 officium
413 1907 574 1979 cessavit.

185 2029 277 2097 vtll.
297 2022 461 2096 Secunda
480 2023 677 2121 septimana
700 2023 920 2114 novembris,
943 2021 1117 2094 Henricus
1136 2042 1199 2090 rea

135 2165 223 2214 cum
232 2138 350 2212 valida
361 2162 470 2210 manu
484 2138 651 2233 militum,
669 2139 903 2240 peditumque
919 2137 1083 2236 Aquilam
1095 2133 1197 2224 adiit,

136 2270 175 2328 et
183 2254 407 2354 provinciam
416 2255 452 2325 iu
463 2255 651 2328 circumitu
659 2254 867 2330 devastavit.
881 2259 993 2328 Porro
1002 2251 1197 2342 castellani,

136 2370 202 2468 qui
228 2368 405 2468 probitate
421 2357 628 2468 ¹plurimum
652 2369 909 2468 gloriabantur,
938 2369 1069 2468 egressi
1097 2381 1199 2457 sunt,

137 2497 275 2557 etcum
297 2482 475 2581 regalibus
498 2483 643 2558 militari
666 2509 768 2557 more
790 2483 889 2557 haud
911 2485 1066 2582 segniter
1088 2495 1201 2556 semet

137 2612 385 2671 exercuerunt.
395 2597 463 2669 ‘lbi
483 2599 706 2673 Tedbaldum
728 2601 896 2672 comitem
918 2600 989 2697 (2),
1013 2598 1059 2671 de
1082 2596 1202 2670 corni·

137 2713 234 2812 pede
262 2713 460 2810 dejectum,
491 2730 704 2814 rapuerunt3
735 2715 798 2788 sed
823 2740 903 2805 rex,
931 2713 1203 2811 stephanusque

138 2851 263 2900 comes
279 2852 363 2901 cum
380 2829 508 2901 virtute
522 2830 675 2902 militum
686 2831 836 2902 insecuti
849 2842 946 2918 sunt,
961 2828 1204 2924 comitemque

140 2941 190 3014 de
210 2941 376 3014 manibus
397 2942 556 3015 hostium
576 2942 744 3016 nobiliter
764 2945 986 3042 eripuerunt.
1008 2945 1108 3013 Tunc
1131 2955 1203 3011 tam

140 3058 234 3130 acris
250 3058 469 3130 concertatio
488 3057 580 3130 lacta
598 3074 664 3148 est,
685 3072 809 3131 ettam
827 3056 963 3149 valide,
987 3071 1027 3128 ut
1047 3057 1122 3155 ipse
1142 3079 1203 3127 rex

140 3171 190 3243 de
201 3171 320 3272 lapide
333 3186 578 3272 percuteretur
590 3173 627 3245 in
643 3175 776 3271 capite3
793 3174 856 3247 sed
869 3197 960 3245 aerea
973 3172 1079 3244 cassis
1093 3171 1205 3243 ictum

142 3285 274 3384 lapidis
289 3289 425 3386 respuit
441 3288 601 3385 impune.

193 3407 234 3474 ln
248 3400 311 3474 illo
325 3417 501 3501 tempore,
519 3400 716 3500 burgenses
730 3402 933 3476 Alencicuis
947 3419 1072 3476 contra
1085 3426 1207 3500 regem

143 3515 338 3589 Henricum
360 3513 639 3607 rebellaverunt,
662 3541 878 3614 causamque
903 3516 1038 3590 notabo
1062 3541 1127 3589 cur
1150 3541 1207 3588 re·

143 3654 226 3728 gem
249 3644 349 3702 tauto
371 3629 527 3703 facinore
545 3631 786 3704 offenderunt.
805 3631 1019 3732 Stephanus,
1039 3632 1208 3704 Moritolii

143 3769 286 3836 comes,
313 3746 377 3844 qui
403 3761 489 3818 tunc
511 3746 561 3820 eis
584 3745 855 3838 dominabatur,
883 3747 1090 3823 adolescens
1113 3762 1205 3836 erat,

182 4066 220 4137 (l)
237 4065 342 4122 C’tuit
355 4084 394 4122 un
407 4067 497 4140 grand
513 4068 592 4139 signe
603 4066 640 4123 de
654 4066 731 4124 deuil
748 4085 821 4142 pour
837 4069 876 4125 les
888 4069 1015 4126 hommes
1034 4085 1142 4144 graves,
1160 4067 1209 4140 qui

147 4153 259 4209 avaient
271 4171 307 4210 en
319 4153 441 4211 borreur
451 4155 478 4211 la
490 4153 573 4210 mode
584 4154 634 4210 des
644 4154 761 4230 longues
773 4155 882 4214 bar-bes.

183 4241 222 4315 (ἱ)
242 4237 389 4313 Thibaud',
404 4254 495 4300 comte
507 4243 542 4299 de
555 4243 638 4299 Blcis.
