2888 4934
189 465 293 545 [rous]
328 556 329 559 Ν
554 456 671 524 trusa
692 457 878 523 necinus.
1202 460 1237 519 ⁵1

232 601 334 671 Tune
355 593 581 669 Hildebertus
602 592 730 692 praesul
752 605 789 666 et
810 590 926 664 clerus
945 606 980 664 et
1005 592 1123 665 omnis
1143 590 1244 691 plebs

187 714 333 790 obviam
342 712 417 809 regi
431 735 514 784 cum
530 711 665 808 ingenti
681 707 812 808 gaudio
829 721 1089 807 processerunt,
1107 721 1143 779 et
1157 706 1246 807 psal·

187 829 302 904 lentes
320 829 360 900 in
375 827 559 900 basilicam
576 826 689 898 sancti
705 823 863 896 Gervasii
885 823 1048 920 martyris
1069 824 1246 924 perduxe-

187 959 296 1035 runt,
317 942 381 1016 ubi
399 957 605 1016 sanctorum
624 939 837 1041 pontilioum
862 953 897 1012 et
919 939 1162 1012 onulessorum
1184 945 1246 1012 Ju-

188 1062 274 1136 liani
286 1075 322 1134 et
331 1057 465 1132 Turibii
478 1082 520 1132 ae
532 1058 685 1140 Victoris
697 1057 729 1155 (l
738 1058 767 1154 )‚
781 1055 1003 1153 aliorumque
1010 1053 1246 1153 plurimorum

190 1200 344 1277 corpora
361 1175 599 1273 requiescunt.

234 1292 431 1366 Absolutus
448 1290 566 1364 Helius
588 1291 721 1364 Baiocis
739 1290 786 1363 de
800 1311 947 1362 earcere
959 1287 1109 1388 prodiit,
1129 1287 1175 1361 ad
1192 1311 1248 1359 re·

192 1431 269 1507 gem
288 1409 390 1506 niger
405 1421 441 1480 et
456 1406 620 1506 hispidus
636 1409 874 1504 Rotomagum
889 1405 999 1495 venit,
1017 1403 1251 1502 eiquebumi·

192 1525 270 1598 liter
279 1524 393 1596 dixit:
411 1526 485 1616 Qui
488 1521 652 1621 pluribus
665 1521 894 1622 suffragiim,
910 1545 975 1593 rex
992 1521 1131 1617 inelyte,
1150 1519 1247 1607 milri,

194 1664 321 1739 qum,
335 1638 480 1711 subveni
481 1664 552 1736 pro
567 1654 628 1709 tna
644 1638 778 1736 irnigni
788 1639 1007 1709 strenuitate.
1023 1634 1106 1705 tam
1120 1633 1182 1706 din
1195 1659 1252 1707 co-

194 1778 265 1827 mes
296 1771 520 1852 nuncupatus
543 1777 635 1840 surn,
663 1756 748 1851 quia
773 1750 984 1824 hereditario
998 1751 1085 1849 jure
1111 1748 1256 1847 possedi

195 1870 347 1944 nobilem
363 1868 583 1942 consulatum
594 1899 609 1956 ;
629 1868 709 1956 sed,
731 1870 848 1939 omine
874 1882 1023 1951 mutato,
1047 1867 1201 1936 nominis
1219 1879 1257 1937 et

194 1987 339 2060 honoris
367 1987 468 2060 titulo
491 1989 653 2084 privatur
679 2011 770 2057 sum.
801 1983 950 2057 Obsecro
979 1987 1086 2083 igitur
1116 1999 1256 2055 utrum

191 2105 358 2200 pristine
366 2100 549 2201 dignitatis
559 2100 720 2172 vocabulo
732 2103 771 2171 in
782 2115 909 2171 mame
918 2102 1089 2195 surripitur
1093 2098 1254 2194 jamdiu,

195 2233 232 2289 et
244 2242 310 2316 ego
326 2217 390 2289 tibi
402 2217 576 2317 eondiffin
592 2215 756 2289 exlu'lrebo
769 2218 924 2288 servitio.
949 2218 1257 2287 cenomannorum

197 2358 268 2405 non
288 2337 431 2432 requiro
449 2333 579 2421 urbem,
603 2334 658 2405 uel
675 2331 819 2430 oppilla,
834 2330 943 2405 donec
959 2330 1258 2403 idoneaservitnte

197 2448 881 2548 illepromeruerootunmngnificentio.
893 2446 1262 2521 Intertuosdnntaxnt

197 2563 542 2660 anloelofamiliures
566 2563 704 2648 haberi,
730 2579 768 2635 et
791 2560 905 2663 reguli
925 2564 1084 2633 amicin'a
1099 2561 1255 2659 perfrui.

198 2679 369 2750 liberalis
379 2705 440 2751 rex
454 2679 525 2750 boc
543 2679 642 2751 iacile
656 2703 816 2750 annuere
833 2678 1009 2768 decrevit3
1026 2678 1088 2749 sed
1103 2676 1261 2748 Rodber·

198 2807 269 2883 tus,
279 2792 503 2866 Mellenticus
513 2818 649 2883 comes,
663 2819 730 2891 pro
744 2793 824 2865 ielle
833 2793 953 2866 livoris
968 2793 1144 2864 dissuasit.
1158 2792 1261 2863 Calli-

199 2906 373 2980 dusenim
380 2933 487 2980 senex
496 2909 551 3005 (2)
559 2907 734 3006 regalibus
744 2909 900 2981 consiliis
909 2926 945 2981 et
949 2909 1091 3005 judiciis
1098 2925 1257 3008 praeerat.

200 3026 429 3122 Quapropter
439 3024 476 3095 in
494 3025 659 3122 praetorio
673 3025 860 3123 principali
875 3049 999 3123 parem
1009 3049 1069 3096 seu
1083 3026 1261 3125 potiorem

200 3140 340 3238 perpeti
356 3138 551 3212 metuebat.
572 3142 667 3213 Dixit
689 3167 774 3239 ergo
797 3143 899 3238 regi:
924 3144 1147 3219 cenomanni
1158 3147 1263 3243 versi·

197 3254 358 3351 pelleret
374 3254 480 3346 infidi
487 3272 583 3347 sunt,
602 3273 640 3327 et
649 3256 744 3355 quod
744 3256 961 3353 fortitudine
971 3238 1157 3357 nequeunt,
1173 3259 1265 3332 dolis

235 3495 276 3568 (l)
288 3495 368 3551 Saiut
376 3495 480 3564 Julieu‚
491 3498 613 3569 premier
622 3496 726 3571 rivique
736 3497 775 3550 du
783 3499 876 3565 Mans;
889 3501 961 3553 saint
971 3499 1109 3567 Thuribe,
1120 3499 1266 3557 deuxilrrne

203 3584 306 3658 ireque
324 3583 364 3636 du
381 3583 476 3650 Manu
493 3585 565 3639 saint
583 3585 694 3652 Victor,
716 3586 875 3659 cinquiime
894 3588 998 3661 eviqne
1018 3587 1057 3642 du
1079 3589 1166 3645 Maus.
1188 3590 1266 3646 Nous

202 3689 285 3727 avons
301 3690 338 3725 ru
354 3691 419 3727 avec
435 3682 528 3745 regret
543 3671 578 3728 de
596 3675 678 3747 pieux
696 3684 724 3729 et
738 3686 845 3732 savants
861 3696 1048 3752 personuages
1062 3678 1097 3734 de
1115 3699 1145 3735 ce
1158 3680 1267 3736 diocese

203 3760 350 3834 r’appuyer
360 3759 457 3816 surlet
470 3762 545 3817 Actu
557 3766 746 3836 episcoporum
761 3766 1033 3821 Cenomunnensium
1043 3785 1116 3842 pour
1124 3770 1267 3842 presentet

201 3868 303 3905 encore
315 3849 342 3904 le
354 3851 479 3924 premier
490 3851 526 3906 (le
538 3869 583 3906 ees
594 3852 698 3926 prelati
712 3872 820 3910 comme
833 3856 1043 3930 contemporale
1057 3856 1106 3912 des
1120 3857 1238 3930 apbtres.

236 3940 277 4010 (2)
292 3938 382 3994 Notre
395 3948 505 4007 auteur,
517 3957 572 4014 que
581 3959 651 3996 nous
661 3960 744 3997 avons
753 3962 789 3998 vu
799 3943 934 4000 cidessue
946 3944 1045 4000 traiter
1054 3945 1270 4004 bouis-le-Gros

203 4027 345 4098 d’enlant‚
357 4025 455 4101 quand
470 4027 490 4082 il
509 4046 544 4082 ne
559 4031 672 4103 pouvait
685 4033 762 4088 avoir
778 4034 870 4088 moins
886 4033 921 4088 de
935 4033 1070 4090 dix-ueus
1082 4038 1099 4091 l
1110 4036 1190 4109 vingt
1204 4054 1267 4102 ans,

204 4116 351 4191 u'apporte
369 4133 418 4189 pas
434 4116 527 4172 moins
544 4117 579 4174 de
595 4118 718 4192 legeret&
737 4124 752 4174 'a
773 4121 900 4196 qualifier
917 4122 952 4178 de
969 4121 1094 4181 vieillard
1111 4123 1221 4180 Robert
1233 4123 1269 4179 de

205 4203 335 4274 fleuisti,
350 4204 402 4279 ige
412 4204 557 4261 d'envirou
571 4205 722 4281 cinquaute
736 4227 794 4263 ant.
