3140 5076
151 487 261 566 [nro]
477 483 883 551 urnnnnuonecruus.
1146 489 1206 551 sar

149 621 346 695 vindictam
369 622 405 695 in
426 623 592 722 prsesenti
613 621 811 696 faciendum
831 617 872 693 ei'
885 619 1119 694 contradidit.¹
1139 624 1206 694 lla-

149 735 271 809 dulfus
294 751 413 808 autem
440 733 579 810 Harenc
602 734 782 810 Eustachii
805 734 894 807 libas
920 737 1092 834 permissu
1109 738 1209 840 regis

151 850 231 923 irati
253 852 409 951 accepit,
437 866 474 924 et
497 875 620 924 earum
645 850 770 924 oculos
795 851 833 922 in
862 849 1034 922 ultionem
1054 849 1126 921 filii
1153 851 1212 924 sui

151 964 344 1038 crudeliter
367 963 510 1057 effodit,
539 966 752 1065 nariumque
775 966 994 1038 summitates
1018 966 1206 1038 truncavit.

152 1084 329 1152 Innocens
345 1080 464 1177 itaque
480 1079 627 1154 infantia
642 1094 833 1178 parentum
844 1078 957 1170 nefas,
975 1078 1205 1180 prohdolor!

152 1192 398 1266 miserabiliter
413 1193 491 1286 luit,
510 1209 546 1266 et
561 1192 753 1293 utrobique
769 1194 971 1292 genitorum
986 1194 1132 1268 affectus
1146 1195 1212 1268 de·

152 1317 369 1390 formitatem
396 1315 532 1389 sobolis
560 1341 644 1389 cunr
673 1315 889 1389 detrimento
917 1315 1018 1389 luxit.
1048 1318 1211 1416 Denique

153 1428 337 1521 lla'dulfus,
352 1453 373 1502 a
387 1453 469 1528 rege
486 1429 706 1502 confortatus
721 1443 758 1502 et
774 1428 982 1503 muneribus
998 1430 1210 1522 honoratus,

153 1545 202 1620 ad
216 1545 322 1618 lbreii
338 1547 464 1619 turrim
481 1545 764 1619 conservandum
780 1547 969 1637 remeavit,
989 1561 1026 1619 et
1043 1547 1213 1621 talionem

153 1662 251 1758 regia
265 1661 451 1733 severitate
468 1685 658 1760 repensum
674 1659 813 1733 filiabus
826 1661 902 1758 ejus
915 1660 1105 1735 Eustachio
1121 1687 1216 1735 nun·

153 1775 241 1846 ciari
254 1775 347 1846 fecit.
363 1779 557 1875 Comperta
569 1799 656 1848 vero
670 1774 824 1848 filiarum
837 1775 1002 1866 orbitate,
1015 1792 1117 1876 pater
1130 1802 1214 1850 cum

154 1905 269 1964 matre
285 1892 392 1964 nimis
406 1890 575 1983 indoluit,
592 1906 629 1964 ct
648 1890 791 1963 castella
808 1915 896 1964 sua:
919 1891 1036 1964 lirum
1054 1907 1091 1966 et
1110 1893 1213 1984 Gloz,

155 2008 378 2105 Pontcmque
402 2006 523 2079 Sancti
548 2005 642 2078 Petri
666 2019 702 2078 et
723 2005 889 2078 Paccium
912 2007 1084 2101 munirit3
1110 2023 1145 2080 et
1171 2031 1218 2082 ne

154 2146 234 2212 rex,
253 2147 316 2196 seu
334 2121 457 2196 fideles
472 2125 549 2219 ejus
564 2123 602 2193 in
619 2121 679 2195 illa
695 2122 886 2215 intrarent,
906 2121 1094 2221 diligenter
1109 2123 1216 2196 obtu-

153 2237 257 2310 ravit.
280 2236 455 2310 lulianam
478 2251 610 2328 autem,
635 2259 785 2310 uxorem
808 2261 928 2328 suam,
955 2263 1034 2336 quae
1054 2239 1147 2336 regis
1172 2263 1216 2312 ex

153 2350 279 2450 pellice
295 2351 367 2424 filia
384 2367 471 2444 erat,
491 2352 676 2425 Britolium
692 2353 801 2444 misit,
820 2354 924 2451 eique
938 2350 985 2426 ad
999 2352 1215 2426 servandum

153 2466 330 2565 oppidum
344 2468 562 2541 necessarios
578 2466 707 2542 milites
723 2469 922 2542 associavit.

201 2585 313 2654 Porro
331 2582 538 2681 burgenses,
557 2584 642 2682 quia
659 2585 732 2681 regi
755 2579 879 2656 fideles
894 2598 1009 2676 erant,
1029 2607 1097 2656 nec
1114 2582 1216 2654 illum

153 2695 376 2794 aliquatenus
393 2698 579 2773 offendere
597 2698 780 2790 volebant,
799 2714 839 2770 ut
856 2698 1003 2770 lullanae
1020 2697 1216 2771 adrentum

151 2809 314 2910 pluribus
330 2813 534 2885 nociturum
548 2811 810 2902 intellexerunt,
825 2811 991 2910 protinus
1003 2811 1077 2908 regi
1089 2825 1131 2882 ut
1143 2813 1216 2884 Bri·

153 2926 282 2998 tolium
303 2943 538 3029 properanter
559 2928 716 3018 veniret,
741 2925 1016 2999 mandaverunt.
1042 2924 1217 2998 Providus

153 3065 233 3132 rex,
252 3041 342 3115 illud
356 3041 519 3116 recolens
534 3041 581 3116 ab
597 3039 725 3116 audaci
740 3040 897 3114 Curione
912 3039 1038 3114 Caesari
1057 3039 1212 3131 dictum,

153 3156 193 3229 in
208 3154 293 3230 belli
309 3157 482 3256 negotiis:

246 3324 327 3381 Tolle
338 3342 430 3382 moras
443 3349 449 3382 :
464 3343 573 3402 semper
586 3328 683 3384 nocuit
694 3326 806 3385 differre
820 3327 922 3402 paratis
936 3329 990 3403 (l),

155 3481 286 3556 auditis
307 3483 539 3582 burgensium
563 3485 817 3584 legationibus,
846 3483 1032 3558 Britolium
1055 3485 1217 3558 concitus

155 3601 271 3691 venit,
289 3613 325 3672 et
344 3600 457 3699 portis
475 3602 509 3674 ei
523 3615 704 3700 gratanter
719 3600 849 3700 apertis
866 3600 904 3672 in
921 3598 1042 3672 villam
1058 3599 1213 3674 intravit.

154 3713 295 3786 Deinde
313 3712 438 3788 fideles
454 3715 590 3790 incolas
608 3716 663 3812 (2)
679 3739 747 3814 pro
769 3713 854 3788 fidei
877 3713 1071 3787 devotione
1090 3716 1218 3814 gratiss

155 3831 245 3929 egit,
263 3846 300 3904 et
315 3856 362 3904 ne
381 3833 437 3905 sui
453 3832 583 3906 milites
604 3830 738 3930 aliquid
759 3829 808 3903 ibi
828 3845 995 3931 raperent
1013 3831 1215 3931 prohibuit,

194 4121 234 4195 (l)
251 4122 372 4193 Lucan„
385 4123 416 4192 Ι,
430 4127 492 4184 att.

195 4211 235 4281 (ἱ)
254 4210 331 4268 Nous
342 4229 462 4286 pensons
471 4211 539 4289 qu’il
552 4212 611 4270 lant
620 4211 691 4270 lire:
708 4211 850 4270 Fidelibus
864 4213 971 4270 incolis.

237 4324 287 4371 ιν.
1047 4303 1095 4374 22
