2888 4934
201 403 262 471 430
473 399 655 460 HISTORIA
678 398 981 461 ncctmttstlcs.

198 535 323 608 litteris
337 529 535 605 admodum
553 533 759 623 instructus,
777 531 956 605 successit.
973 533 1057 618 Quo
1069 530 1248 622 defuncto,

198 677 261 725 rex
282 650 453 739 Henrico,
476 663 630 744 cognato
649 672 734 738 sno,
753 653 910 742 Burgum
928 646 1176 738 commendat,
1193 650 1250 746 qui

198 765 315 843 Sancti
327 763 498 839 iohannis
512 764 674 862 Baptistae
683 763 862 860 Angeliaci
873 761 984 837 abbas
996 762 1179 850 exstiteram
1192 754 1251 835 sod

197 907 218 954 a
232 880 417 955 monachis
435 894 471 951 et
487 903 509 951 a
525 879 729 972 Guillelmo‚
748 879 943 955 Pictavensi
959 877 1067 969 duce,
1084 876 1252 976 expulsus

195 995 320 1071 suerat.
339 1000 421 1069 Post
437 993 710 1088 Fulcheredum,
728 996 790 1092 qui
805 995 942 1094 primm
957 993 1068 1068 abbas
1083 993 1251 1067 Scrobes·

194 1109 359 1187 buriense
367 1108 573 1182 coenobium
583 1110 619 1185 in
630 1111 696 1183 Dei
703 1109 999 1202 cultuordinavit,
1010 1108 1248 1199 Godefredus.

193 1226 368 1321 sagiensis
384 1225 596 1316 monachus,
615 1226 829 1324 pastoralem
845 1248 968 1297 curam
984 1227 1153 1323 suscepit.
1171 1227 1251 1311 Quo

192 1342 301 1439 paulo
317 1355 399 1440 post
414 1355 530 1417 morte
551 1341 669 1415 subita
688 1355 886 1440 prevento,
909 1339 1106 1417 florbertus
1127 1337 1250 1437 gultur·

192 1455 361 1533 naculum
373 1454 472 1529 rudis
482 1453 632 1527 abbatiae
645 1454 903 1553 usurpando.
917 1453 1106 1527 Guntardo
1116 1468 1247 1542 autem,

191 1570 414 1648 Tomeiensis
431 1571 586 1647 ecclesiae
605 1584 751 1643 strenuo
768 1584 923 1663 rectore,
942 1568 1136 1658 defuncto,
1162 1567 1250 1642 Rod-

191 1685 314 1762 bertus
338 1686 580 1759 Pruneriensis
603 1684 814 1782 subrogatus
836 1699 907 1777 est,
936 1684 1000 1782 qui
1024 1683 1070 1757 de
1097 1682 1248 1758 Uticensi

191 1800 373 1892 coenobio,
394 1800 478 1897 quia
488 1800 581 1872 benc
595 1800 767 1871 litteratus
780 1813 816 1871 et
831 1799 1002 1897 eloquens
1019 1822 1062 1870 ac
1076 1797 1247 1870 honestus

192 1930 280 2005 erat,
298 1914 345 1988 ad
362 1915 515 1987 ccclesiae
531 1915 687 2011 regimen
705 1929 908 2013 assumptus
924 1929 977 1985 est
992 1911 1058 2011 (2).
1233 1898 1239 1905 ⁴

238 2035 411 2129 Tempore
441 2030 618 2103 Paschalis
647 2034 769 2130 Papae,
798 2029 982 2121 Redulsus,
1015 2027 1247 2100 Dorobemioe

190 2145 497 2244 archiepiscopus,
517 2145 563 2217 ad
578 2170 697 2243 regern
715 2146 752 2216 in
766 2145 966 2216 Neustriam
982 2143 1098 2235 venit,
1118 2157 1154 2214 et
1169 2141 1248 2215 inde

191 2265 354 2351 Romam,
372 2259 454 2333 licet
469 2261 543 2357 jum
560 2275 700 2340 tumore
718 2259 852 2358 pedum
869 2258 1126 2348 infirmaretur,
1144 2255 1248 2357 proli

189 2374 401 2471 oisciooepit.
425 2378 618 2463 Caeterum,
641 2374 757 2446 obiter
779 2373 907 2446 auditis
927 2373 973 2446 de
995 2397 1127 2445 occasu
1147 2377 1247 2470 Papae

189 2488 411 2578 rumoribus,
435 2489 569 2586 legatos
588 2493 738 2560 Romam
755 2489 954 2561 destinavit.
975 2493 1054 2587 lpse
1071 2513 1161 2561 vero
1179 2491 1246 2559 Ro·

189 2617 372 2700 tomagum
388 2603 569 2693 remeavit,
588 2616 623 2674 et
640 2602 711 2674 sere
729 2602 841 2686 tribus
856 2602 959 2674 anuis
976 2603 1012 2673 in
1030 2600 1247 2674 Normannit

189 2717 322 2815 deguit.
347 2719 400 2792 lbi
419 2717 604 2816 quondam
628 2717 716 2789 dum
733 2734 946 2809 moraretur,
965 2719 1001 2789 in
1017 2718 1246 2789 translatione

188 2836 300 2906 sancti
316 2832 511 2918 Benedicti,
533 2856 612 2929 quae
627 2856 649 2903 a
664 2833 849 2905 monachis
867 2834 988 2905 festive
1003 2833 1131 2927 agitur,
1150 2831 1246 2903 linita

189 2949 315 3039 missa,
347 2949 434 3019 dum
466 2946 683 3019 vestimentis
711 2962 915 3038 exueretur,
951 2963 1053 3019 acuta
1082 2947 1246 3047 passione

189 3063 305 3137 subito
322 3088 509 3162 percussus
529 3062 722 3156 obmutuit,
745 3077 781 3136 et
806 3079 887 3161 post
909 3063 1045 3160 aliquot
1061 3063 1156 3153 dies,
1176 3075 1247 3135 arte

223 3346 262 3416 (4)
279 3345 449 3411 Fulchered‚
469 3346 561 3400 moine
580 3343 615 3398 de
638 3344 718 3411 Seue,
741 3362 777 3399 ue
800 3343 890 3416 parsit
912 3360 960 3416 pas
982 3344 1058 3398 avoir
1080 3339 1243 3401 administri

186 3432 310 3507 l’abbaye
321 3433 356 3494 dc
365 3431 577 3505 Peterborough
589 3433 826 3487 anterieuremeut
836 3450 872 3487 au
884 3433 970 3505 regne
982 3431 1017 3486 de
1030 3426 1246 3486 Guillanme-l&

187 3518 279 3578 Roux.
295 3519 342 3577 On
355 3521 431 3594 place
443 3539 471 3578 aa
484 3531 605 3578 morton
619 3537 692 3574 mars
705 3523 784 3577 4443.

221 3606 373 3676 Godeiroi,
387 3619 467 3665 autre
479 3610 573 3665 moine
585 3608 620 3662 de
634 3607 714 3675 seer,
728 3617 803 3661 mort
816 3604 841 3660 le
853 3609 888 3664 22
901 3623 974 3660 mars
986 3607 1065 3664 4428.

221 3694 353 3763 lietbert,
365 3697 459 3752 moine
470 3698 505 3753 de
516 3695 710 3768 Shrewsbury‚
724 3697 854 3751 consecr&
863 3694 889 3749 la
898 3693 990 3750 meme
999 3696 1089 3749 annde
1101 3710 1153 3766 par
1163 3688 1245 3747 Guil·

187 3783 294 3850 hume,
314 3784 486 3859 archeveque
502 3785 538 3841 de
555 3785 739 3858 Cantorhery.
760 3785 808 3841 On
829 3803 864 3838 ne
882 3784 935 3838 seit
952 3801 1001 3853 pas
1022 3783 1150 3857 l'e'poque
1168 3780 1203 3835 de
1217 3795 1245 3835 st

188 3882 271 3928 mort.
285 3872 359 3929 C’est
374 3871 414 3929 lui
431 3874 480 3947 qui
500 3883 656 3946 transporta
671 3872 711 3929 du
728 3891 794 3945 pays
813 3871 848 3929 de
861 3871 956 3929 Galles
973 3874 990 3926 a
1006 3869 1193 3942 Shrewsbury
1207 3867 1244 3923 les

188 3962 309 4038 reliques
320 3961 356 4022 de
370 3962 606 4021 taintWinisred.
1237 3998 1241 4007 .

222 4051 409 4111 Beneuenti
420 4049 491 4106 abbe
503 4068 538 4105 en
551 4052 635 4118 44444,
648 4060 678 4106 et
688 4061 804 4110 mourut
813 4068 849 4106 en
861 4050 941 4107 4447.

222 4136 262 4204 (2)
279 4136 333 4190 Sur
348 4146 391 4191 cet
402 4134 486 4202 abbe,
501 4151 582 4205 noyez
594 4132 743 4200 cidenas,
760 4143 781 4188 t.
797 4134 840 4187 111
846 4174 853 4202 ‚
871 4152 898 4206 p.
912 4134 978 4198 stt,
993 4142 1021 4186 et
1036 4141 1056 4186 t.
1070 4131 1124 4198 lv,
1138 4149 1166 4202 p.
1179 4131 1238 4187 284.
