3140 5076
135 517 278 591 [suousro
295 509 386 589 1119]
462 505 579 570 LIBER
600 504 871 604 nuochtttth.
1136 504 1195 567 363

134 642 207 716 lem
229 643 267 714 in
293 664 436 714 carcere
466 638 651 731 servabat,
682 653 880 729 moerente,
911 623 1101 711 defunctus
1128 653 1194 709 est.

135 757 342 831 Otmundus
359 780 444 829 vero
461 779 617 854 nequam
634 754 831 828 silicernius
847 753 978 827 Arcbas
997 751 1052 848 (1)
1070 750 1199 849 relega·

135 888 194 946 tus
218 888 289 963 est,
317 871 455 971 ibique,
480 885 519 943 ut
543 886 741 963 meruerat,
767 895 879 968 usque
901 868 948 941 ad
966 867 1199 940 concordiam

134 1011 261 1086 regum
278 989 399 1061 ferreis
414 987 651 1089 compedibus
673 1001 708 1060 et
729 985 880 1060 vinculis
900 986 1112 1058 constrictus
1130 997 1194 1056 est.

134 1103 249 1200 Hujus
272 1103 368 1176 enim
392 1102 538 1175 inlamia
562 1127 675 1202 usque
701 1103 740 1174 in
767 1100 946 1200 Illyricum
971 1099 1195 1193 narrabatur,

134 1221 220 1317 quia
235 1219 329 1290 fures
345 1232 381 1290 et
396 1218 582 1317 praedoues
598 1218 645 1291 ad
661 1218 947 1315 exaggerandum
961 1216 1061 1290 nefss
1077 1215 1200 1288 tueba-

132 1347 208 1406 tur.
237 1333 444 1429 Peregrinos
472 1347 508 1404 et
532 1356 708 1432 pauperes
738 1355 781 1404 ac
807 1332 951 1423 viduas,
982 1344 1018 1404 et
1044 1331 1200 1403 inermes

135 1449 335 1523 monachos
357 1464 392 1522 et
412 1449 561 1524 clericos
583 1449 775 1550 spoliabat,
799 1448 992 1546 multisque
1009 1445 1127 1518 modis
1144 1444 1199 1517 in·

134 1589 274 1636 cessere
297 1588 373 1636 non
398 1563 641 1637 erubescebat.
669 1569 794 1638 Petrus
821 1563 867 1636 de
894 1561 1042 1653 Manlia,
1071 1559 1200 1658 aliique

134 1676 303 1754 nonnulli
314 1676 525 1775 fugientum,
542 1680 764 1776 cognitiones
777 1704 859 1752 suas
877 1677 947 1776 (2),
967 1702 1014 1751 ne
1030 1699 1199 1774 agnosce·

135 1808 279 1884 rentur,
309 1794 559 1891 projecerunt,
593 1811 629 1867 et
659 1792 914 1867 insectantibus
943 1791 1070 1866 callide
1099 1790 1201 1862 mixti

134 1911 277 2008 signum
294 1908 591 2009 triumphantium
609 1909 793 1983 vociferati
809 1925 904 2001 sunt,
927 1925 1034 2007 atque
1052 1929 1200 2004 magna·

134 2021 334 2096 nimitetem
360 2025 504 2096 Henrici
532 2025 641 2123 regis,
669 2047 891 2122 suorumque
917 2023 1007 2096 fictis
1036 2019 1201 2094 laudibus

134 2141 330 2236 praeconuti
348 2154 445 2212 sunt.

183 2253 386 2328 Rodbertus
401 2255 447 2328 de
463 2256 628 2348 Curceio,
643 2256 766 2353 junior
780 2254 847 2354 (3),
864 2277 978 2351 usque
991 2255 1029 2325 in
1042 2251 1201 2350 burgum

134 2367 258 2441 Gallos
285 2385 492 2470 persecutus
518 2385 591 2464 est,
618 2370 741 2468 ibique
765 2395 786 2443 a
811 2368 1082 2458 conviantibus,
1110 2390 1202 2465 quos

134 2483 398 2558 commilitones
414 2509 498 2558 suos
513 2485 742 2586 opinabatur,
762 2499 921 2558 retentus
936 2499 1001 2558 est.
1023 2485 1090 2555 Hic
1104 2481 1202 2554 solus

134 2597 183 2671 de
198 2602 414 2674 Normannis
428 2616 553 2701 captus
571 2616 636 2692 est,
656 2625 725 2674 nec
742 2615 783 2673 ut
798 2604 959 2698 ignavus,
980 2601 1043 2699 qui
1060 2601 1097 2670 in
1114 2597 1201 2669 bos·

133 2713 225 2783 tium
246 2713 383 2813 oppido
403 2712 501 2786 solus
519 2739 540 2787 a
558 2715 677 2788 multis
694 2714 844 2789 vallatus
863 2729 933 2804 est,
954 2729 990 2785 et
1005 2715 1043 2785 in
1059 2733 1202 2782 carcere

135 2841 293 2900 retrusus
310 2844 375 2901 est.

183 2941 423 3016 infortunium
439 2943 540 3041 quod
555 2943 665 3014 Gallis
687 2944 724 3015 in
746 2945 966 3016 Normannia
982 2942 1198 3038 contigerat,

67 3153 70 3156 Ι
134 3054 254 3154 longe,
267 3057 408 3156 lateque
421 3057 642 3156 divulgatum
651 3071 717 3148 est,
731 3072 768 3130 et
780 3083 846 3158 per
858 3082 987 3131 omnes
997 3055 1202 3156 provincias

133 3171 184 3242 cis
201 3171 306 3270 Alpes
320 3197 343 3244 a
358 3173 561 3270 lugentibus
577 3173 651 3246 sive
669 3172 971 3246 subsannantibus
986 3173 1116 3272 passim
1135 3169 1203 3243 dif-

136 3284 255 3357 lusum
276 3297 341 3360 est.
361 3292 574 3386 Arrogantes
591 3289 866 3383 erubescebant,
887 3304 923 3362 et
940 3313 1120 3388 pugnaces
1139 3288 1201 3385 qui

134 3398 231 3472 bello
252 3403 503 3495 interfuerant,
525 3407 640 3478 varias
663 3407 971 3504 tergiversationes
993 3421 1119 3480 contra
1140 3427 1201 3478 ca·

134 3515 297 3591 villantes
318 3520 541 3617 querebant,
565 3536 599 3594 et
620 3521 762 3596 diversa
782 3522 915 3596 diversi
934 3523 980 3595 ad
1002 3522 1201 3596 excusatio·

133 3656 219 3704 nem
236 3635 292 3705 sui
307 3634 495 3709 dedecoris
512 3636 699 3710 mendacia
715 3637 960 3737 proferebant.

169 3966 210 4036 (l)
225 3966 271 4021 Au
285 3967 403 4022 chatean
416 3967 565 4044 d'brques.

169 4055 212 4128 (2)
230 4055 296 4112 Ceci
309 4057 457 4115 ressemble
468 4059 725 4135 prodigieusement
736 4063 752 4115 a
765 4059 813 4116 der
826 4064 983 4119 armoiries.

134 4145 209 4286 diga)
228 4143 344 4214 Robert,
359 4146 506 4204 deorieme
518 4147 558 4203 dn
570 4165 647 4216 nom,
662 4149 793 4223 seigneur
802 4149 839 4206 de
849 4150 963 4219 Couroi,
978 4149 1042 4223 pres
1054 4148 1200 4206 Croissan-

182 4249 208 4286 e.
