2888 4934
210 401 268 463 144
480 402 665 465 HISTORIA
687 403 993 466 ECCLFSIASTICA.
1058 407 1269 494 [1100-1104]

205 548 301 616 Deus
316 557 454 630 autem,
477 544 550 612 Rex
567 520 702 631 noster,
722 541 785 639 qui
799 539 916 613 salvos
932 540 1016 613 facit
1032 558 1216 640 sperantes
1229 545 1268 617 in

205 683 255 748 se,
276 673 441 756 potenter
458 681 529 732 suae
545 679 686 755 sponsae
703 681 826 755 preces
843 655 1020 729 exaudivit
1036 657 1215 751 Ecclesiae,
1232 675 1269 733 et

203 771 387 844 auxiliatus
411 787 465 845 est
487 773 609 844 vincto
630 772 713 844 duci
740 787 776 843 et
793 773 869 868 ejus
886 771 1050 868 collegis,
1076 799 1143 872 per
1165 777 1265 873 inge·

203 891 303 961 nium
325 905 361 962 et
376 915 484 989 opem
510 890 644 963 inimici
667 890 722 961 sui
740 888 838 978 filiae,
856 889 920 988 qui
938 890 1125 986 quondam
1141 891 1180 963 in
1203 895 1265 964 aa·

202 1005 815 1104 thulin,desectosuperbiOlofernis
824 1020 978 1102 gutture,
986 1006 1117 1078 sitienti
1126 1007 1264 1106 populu

199 1121 365 1193 subvenit
381 1147 445 1220 per
463 1122 630 1197 virtutem
647 1120 788 1210 ludith,
809 1119 955 1192 audacis
970 1121 1099 1193 viduae.

248 1240 357 1310 Melaz
370 1238 440 1335 (1),
460 1236 533 1310 filia
546 1237 750 1309 Dalimanni
762 1238 945 1337 principis,
964 1238 1116 1336 pulchra
1132 1255 1210 1312 erat
1226 1254 1263 1313 et

200 1352 353 1425 multum
370 1354 511 1452 sapiens
535 1368 571 1424 et
591 1354 628 1424 in
647 1353 748 1424 omni
765 1353 876 1425 domo
897 1355 1006 1450 patris
1025 1355 1080 1426 sui
1095 1378 1262 1451 magnam

199 1483 410 1567 potestatem
436 1469 594 1558 habens,
621 1467 818 1566 multasque
845 1469 985 1541 divitias
1017 1484 1052 1541 et
1078 1469 1201 1568 plures
1215 1468 1262 1541 ad

197 1586 251 1656 sui
272 1583 485 1657 famulatum
501 1608 623 1657 servos
634 1584 943 1682 possidensflaec,
964 1584 1093 1656 auditis
1106 1586 1262 1657 suenru-

196 1701 327 1774 tatibus
348 1706 584 1793 Francorum,
608 1701 688 1773 illos
705 1701 872 1772 ardenter
889 1701 1039 1789 amavit,
1062 1714 1099 1772 et
1112 1700 1261 1775 familia·

196 1819 335 1890 ritatem
351 1842 478 1890 eorum
494 1819 531 1889 in
550 1831 689 1889 tantum
706 1817 866 1914 quaesivit
882 1830 937 1906 ut,
955 1815 1099 1912 largiter
1117 1831 1261 1915 erogata

194 1935 403 2007 custodibus
427 1933 605 2024 mercede,
626 1934 829 2029 frequenter
854 1932 891 2001 in
908 1955 1088 2003 carcerem
1110 1931 1260 2005 descen·

194 2048 312 2138 deret,
331 2065 367 2122 et
386 2048 433 2123 de
448 2049 647 2121 Christiana
665 2047 754 2136 frde,
773 2071 929 2143 veraque
954 2047 1125 2144 religione
1148 2048 1262 2121 collo·

193 2165 317 2260 quium
340 2190 424 2238 cum
443 2166 570 2236 vinctis
588 2164 761 2236 subtiliter
780 2164 957 2251 actitaret,
977 2161 1155 2234 etsolerti
1173 2186 1261 2235 oon·

193 2277 411 2353 fabulatione
439 2305 522 2352 cum
554 2278 742 2378 profundis
771 2277 953 2349 interdum
983 2278 1142 2376 suspiriis
1176 2275 1260 2351 inde

193 2395 431 2493 investigaret.
466 2394 704 2468 affectuosam
737 2390 967 2465 dulcedinem
999 2416 1127 2465 eorum
1156 2392 1259 2469 omni

192 2525 382 2609 parentum
400 2532 548 2583 suorum
561 2509 746 2582 dilectioni
762 2508 971 2608 preposuit,
990 2522 1026 2579 et
1040 2508 1164 2580 omnia
1178 2494 1259 2605 qt*

191 2625 238 2697 ad
248 2626 383 2696 victum
396 2648 460 2698 seu
470 2625 637 2697 vestitum
650 2621 916 2723 competebant,
932 2621 1000 2693 illis
1013 2621 1160 2694 abunde
1174 2645 1259 2720 sup-

190 2741 376 2838 peditavit.
394 2746 497 2813 Pater
510 2765 597 2815 vero
613 2741 710 2836 ejus,
729 2738 806 2810 aliis
827 2736 1081 2836 multiplicibus
1098 2736 1258 2834 negociis

189 2857 366 2947 intentus,
385 2856 461 2929 haec
477 2870 539 2929 aut
556 2854 759 2953 ignorabat,
778 2868 841 2925 aut
856 2854 1011 2925 fortassis
1032 2876 1100 2951 pro
1118 2851 1257 2925 dilectae

189 2971 323 3045 sobolis
335 2972 534 3072 approbata
551 2971 763 3067 frugalitate,
780 2993 855 3040 non
871 2967 1031 3040 curabat.

238 3091 323 3158 Post
356 3087 449 3161 duos
475 3112 605 3178 annos,
635 3087 845 3186 plusquam
867 3084 970 3156 civile
1001 3081 1136 3161 bellum
1161 3084 1257 3156 inter

189 3202 314 3274 fratres
325 3201 382 3299 (2)
403 3218 525 3275 ortum
540 3219 609 3277 est.
632 3203 861 3274 Solimannus
877 3202 973 3274 enim
990 3201 1100 3273 nimia
1116 3200 1257 3274 feritate

189 3332 342 3408 tumens,
358 3320 395 3390 in
412 3319 666 3392 Dalimannum
680 3321 843 3409 surrexit,
860 3334 908 3410 et,
921 3333 1106 3417 aggregata
1116 3317 1256 3415 ingenti

188 3450 405 3507 armatorum
434 3434 680 3525 multitudine,
708 3436 838 3509 limites
863 3437 1008 3507 fraterni
1033 3436 1256 3534 principatus

187 3551 347 3641 intravit,
368 3566 403 3622 et
420 3551 565 3623 fratrem
579 3552 625 3623 ad
638 3551 800 3651 praelium
815 3552 1013 3650 procaciter
1025 3550 1256 3650 provocavit.-

187 3665 420 3739 Dalimannus
441 3683 575 3757 autem,
599 3669 824 3741 infestatione
837 3667 1086 3763 hujuscemodi
1103 3667 1251 3756 excitus,

223 3984 263 4049 (l)
281 3981 356 4035 C'est
373 3981 407 4034 ici
422 3999 477 4054 que
494 3992 718 4035 recommencent
735 3981 774 4036 les
794 3983 878 4036 recits
895 3997 1092 4054 romanasques
1109 3978 1145 4035 de
1167 3990 1250 4035 notre

185 4081 295 4139 auteur,
310 4069 378 4124 dans
393 4068 510 4143 lesquels
523 4087 594 4124 nous
607 4087 677 4124 nous
690 4070 840 4143 garderons
853 4068 888 4124 de
902 4068 928 4124 le
939 4069 1039 4123 salure.

221 4160 259 4226 (2)
273 4158 350 4213 Nous
363 4176 398 4213 ne
409 4174 526 4230 croyons
537 4175 585 4230 pas
596 4160 612 4210 'a
624 4167 696 4212 cette
709 4157 862 4211 frater-nite.
