2888 4934
192 397 252 460 264
462 395 642 455 HISTORIA
665 394 967 456 Eccbssstasrrua

190 531 453 628 redemptione,
473 543 510 600 ut
524 528 657 601 dictum
671 543 739 619 est,
758 529 927 628 sospitem
943 526 1167 601 dimiserunt.
1183 527 1238 600 llle

190 670 277 718 vero
299 645 423 717 videus
446 645 634 740 Rogerium
652 668 734 714 cum
758 658 833 714 tota
853 642 981 714 virtute
1003 641 1183 731 interisse,
1209 655 1240 714 et

190 761 402 834 Balduinum
426 785 544 857 regem
568 784 716 856 reguum
740 757 928 831 Ierusalem
950 773 986 830 et
1006 758 1242 857 principatum

191 875 383 949 Antiocbiae
410 875 577 971 adeptum
608 874 731 964 fuisse,
764 874 880 972 ipsum
903 897 1048 973 quoque
1075 887 1244 971 exparte

191 993 418 1090 Imperatoris
437 989 539 1079 adiit,
565 1004 598 1060 et
618 988 664 1060 ab
680 1014 724 1061 eo
742 988 850 1061 liliam
867 1013 967 1061 suam
983 989 1020 1059 in
1037 987 1246 1085 conjugium

190 1105 361 1178 Johannis
373 1106 564 1203 requisivit.
585 1104 775 1176 Balduinus
792 1130 865 1192 rex,
882 1106 967 1177 inde
980 1106 1132 1202 gavisus,
1152 1105 1248 1202 legu-

190 1222 326 1293 tiouem
344 1221 513 1317 suscepit,
533 1221 743 1318 petitionem
761 1221 904 1308 annuit,
924 1244 1075 1318 procum
1092 1219 1130 1291 in
1149 1223 1247 1290 leru-

189 1336 319 1426 salem,
345 1352 384 1408 ut
408 1335 516 1406 filiam
540 1359 642 1405 suam
663 1334 811 1422 videret,
838 1334 984 1424 direxit,
1012 1349 1047 1405 et
1072 1358 1138 1433 per
1163 1356 1248 1404 eum

188 1468 323 1523 secreta
340 1451 467 1548 reginae
483 1449 548 1520 soli
567 1464 651 1520 nota
669 1449 862 1520 mandavit.
882 1448 1109 1521 Ravendinos
1126 1449 1250 1545 itaque

189 1567 380 1639 Ierusalem
403 1567 520 1656 venit;
550 1590 656 1663 quem
684 1566 805 1662 regina
831 1591 915 1637 cum
942 1565 1042 1663 prole
1070 1589 1136 1636 sua
1166 1563 1253 1635 satis

189 1680 350 1755 alacriter
376 1685 525 1783 recepit,
557 1698 592 1756 et
621 1684 738 1757 mariti
765 1683 940 1755 mandatis
969 1682 1248 1781 obtemperavit.

188 1795 337 1894 Elegaus
356 1797 492 1896 puella,
519 1798 717 1897 procedens
739 1798 777 1871 in
800 1797 1001 1895 publicum,
1026 1795 1255 1868 intuentibus

189 1911 341 1983 multum
365 1913 512 2011 placuit,
539 1927 575 1985 et
596 1911 769 2012 optabiles
792 1914 866 2010 ipsa
894 1936 1055 1985 rumores
1077 1911 1250 1991 audiena.

188 2024 317 2098 frustra
333 2028 512 2105 exultavit.
531 2027 623 2098 Nihil
637 2029 733 2101 enim
747 2027 872 2100 stabile
886 2027 936 2118 fit,
956 2027 1021 2098 nisi
1036 2025 1134 2123 quod
1152 2025 1254 2099 solus

189 2141 352 2211 omnium
366 2147 491 2214 Factor
504 2143 674 2243 disponit.
690 2147 839 2249 legatus
856 2143 998 2239 Augusti
1016 2166 1099 2213 cum
1117 2139 1253 2213 satelli·

188 2253 283 2327 tibus
305 2258 394 2346 suis,
420 2258 596 2355 sociisque
618 2258 830 2356 peregrinis,
855 2258 893 2328 in
917 2261 1074 2354 Cyprum
1093 2255 1254 2328 insulam

188 2372 379 2467 navigavit,
399 2386 434 2442 et
449 2371 521 2443 dux
535 2374 640 2469 Cypri
657 2397 742 2444 cum
754 2373 816 2444 illo
828 2385 911 2472 post
925 2396 972 2441 xv
986 2370 1062 2441 dies
1078 2372 1258 2442 Constane

188 2485 378 2584 tinopolim
390 2487 441 2557 ire
453 2486 622 2575 decrevit,
642 2502 678 2558 et
693 2512 819 2558 omnes
830 2510 943 2583 usque
956 2484 1002 2556 ad
1013 2489 1253 2557 Pentecosten

189 2599 238 2673 ibi
251 2599 449 2673 honorifice
463 2600 633 2700 hospitari
646 2603 823 2700 praecepit.
842 2603 951 2698 lgitur
963 2600 1069 2695 longe
1083 2624 1105 2671 a
1117 2596 1256 2696 palatio

190 2715 265 2812 ejus
285 2717 321 2786 in
344 2716 423 2788 aula
440 2717 523 2788 satis
545 2715 745 2788 honorabili
767 2716 936 2814 hospitati
956 2729 1056 2802 suut,
1079 2726 1115 2784 et
1138 2727 1255 2786 statu·

188 2846 266 2910 tum
284 2848 425 2930 tempus
440 2857 531 2928 aegre
547 2832 805 2930 praestolantes,
825 2832 1010 2929 copiosum
1029 2853 1049 2899 a
1065 2828 1161 2900 duce
1179 2828 1257 2900 vic-.

188 2957 266 3017 turn
283 2961 528 3045 susceperunt.

238 3064 376 3133 Interea
392 3061 464 3133 dux
481 3062 664 3133 communi
687 3060 840 3131 factione
860 3084 880 3131 a
900 3060 973 3131 suis
994 3060 1031 3130 in
1051 3055 1164 3129 domo
1187 3080 1256 3129 sua

190 3176 326 3247 occisus
347 3193 417 3266 est,
441 3194 476 3250 et
494 3202 565 3250 una
589 3176 635 3248 de
657 3175 803 3272 singulis
826 3174 992 3263 navibus,
1016 3197 1095 3270 quae
1116 3170 1197 3243 lixis
1213 3171 1253 3244 in

190 3291 368 3369 maritimo
380 3292 498 3368 littore
509 3286 1254 3380 anchorisconsistebanr,tabulasubtmcn

189 3417 253 3475 est.
273 3407 368 3476 Mors
385 3407 490 3477 etiam
508 3406 629 3503 legatis
647 3421 682 3478 et
698 3405 893 3505 peregrinis
908 3429 929 3475 a
947 3403 1113 3475 feralibus
1129 3400 1252 3474 bomi-

189 3516 279 3590 cidis
299 3519 417 3615 palam
435 3521 607 3619 praesrnita
628 3538 697 3610 est3
722 3520 785 3592 sed
807 3545 872 3618 per
892 3519 1086 3617 quemdam
1108 3519 1252 3616 sapien·

190 3650 276 3725 tem,
294 3638 355 3734 qui
366 3639 520 3710 consiliis
532 3664 658 3711 eorum
675 3640 854 3727 intererat,
869 3636 995 3708 callide
1009 3633 1206 3735 praepedita
1216 3647 1253 3706 et

190 3751 370 3824 multoties
395 3753 572 3825 induciata
596 3767 662 3825 est.
685 3752 833 3825 Dicebat
857 3753 953 3823 enim
973 3778 981 3821 :
1000 3749 1150 3822 Obsecro
1168 3772 1248 3829 νας,

189 3893 211 3938 o
218 3866 359 3964 fratres
376 3884 412 3937 et
426 3871 548 3954 amici,
574 3885 613 3938 ut
628 3869 682 3940 dir
701 3865 897 3938 hominibus
912 3890 983 3963 pro
1000 3864 1115 3935 salute
1137 3878 1253 3934 vestra

184 3985 360 4079 parcatis,
383 3999 417 4052 et
431 3980 475 4052 ub
493 4007 630 4068 eorum,
651 3985 714 4079 qui
734 3983 826 4056 nr‘lril
844 3979 1037 4080 aliquando
1057 3992 1254 4064 nocuerunt

193 4097 296 4185 vobo,
321 4102 504 4197 sanguinis
525 4095 698 4192 cessusrbrre
721 4123 847 4173 munus
872 4112 1001 4167 uestras
1026 4095 1250 4173 coutinentia,
