<?xml version="1.0" encoding="UTF-8"?>
<!DOCTYPE html PUBLIC "-//W3C//DTD XHTML 1.0 Transitional//EN"
    "http://www.w3.org/TR/xhtml1/DTD/xhtml1-transitional.dtd">
<html xmlns="http://www.w3.org/1999/xhtml" xml:lang="en" lang="en">
 <head>
  <title>
</title>
<meta http-equiv="Content-Type" content="text/html;charset=utf-8" />
  <meta name='ocr-system' content='tesseract 3.04.00' />
  <meta name='ocr-capabilities' content='ocr_page ocr_carea ocr_par ocr_line ocrx_word'/>
</head>
<body>
  <div class='ocr_page' id='page_1' title='image "./ordericivitalis07deligoog/ordericivitalis07deligoog_0425.png"; bbox 0 0 3190 5064; ppageno 0'>
   <div class='ocr_carea' id='block_1_1' title="bbox 362 453 1423 540">
    <p class='ocr_par' dir='ltr' id='par_1_1' title="bbox 362 453 1423 540">
     <span class='ocr_line' id='line_1_1' title="bbox 362 453 1423 540; baseline 0.004 -24"><span class='ocrx_word' id='word_1_1' title='bbox 362 454 423 517; x_wconf 73' lang='lat' dir='ltr'><strong>ers</strong></span> <span class='ocrx_word' id='word_1_2' title='bbox 634 453 818 536; x_wconf 72' lang='lat' dir='ltr'><strong>nornen</strong></span> <span class='ocrx_word' id='word_1_3' title='bbox 839 453 1146 516; x_wconf 72' lang='lat' dir='ltr'><strong>sequestremne.</strong></span> <span class='ocrx_word' id='word_1_4' title='bbox 1220 459 1305 538; x_wconf 61' lang='lat' dir='ltr'><strong>[nov.</strong></span> <span class='ocrx_word' id='word_1_5' title='bbox 1324 463 1423 540; x_wconf 83' lang='lat' dir='ltr'><strong>nso]</strong></span> 
     </span>
    </p>
   </div>
   <div class='ocr_carea' id='block_1_2' title="bbox 360 583 1424 1959">
    <p class='ocr_par' dir='ltr' id='par_1_2' title="bbox 360 583 1424 1959">
     <span class='ocr_line' id='line_1_2' title="bbox 361 583 1422 688; baseline 0.004 -30"><span class='ocrx_word' id='word_1_6' title='bbox 361 584 513 685; x_wconf 78' lang='lat' dir='ltr'>puppim</span> <span class='ocrx_word' id='word_1_7' title='bbox 535 583 787 676; x_wconf 76' lang='lat' dir='ltr'><strong>escenderunt,</strong></span> <span class='ocrx_word' id='word_1_8' title='bbox 811 600 848 657; x_wconf 88' lang='lat' dir='ltr'><strong>et</strong></span> <span class='ocrx_word' id='word_1_9' title='bbox 869 587 941 660; x_wconf 76' lang='lat' dir='ltr'><strong>fere</strong></span> <span class='ocrx_word' id='word_1_10' title='bbox 963 589 1128 680; x_wconf 78' lang='lat' dir='ltr'>trecenti,</span> <span class='ocrx_word' id='word_1_11' title='bbox 1152 603 1193 660; x_wconf 93' lang='lat' dir='ltr'><strong>ut</strong></span> <span class='ocrx_word' id='word_1_12' title='bbox 1213 590 1357 688; x_wconf 89' lang='lat' dir='ltr'>opinor,</span> <span class='ocrx_word' id='word_1_13' title='bbox 1381 589 1422 662; x_wconf 93' lang='lat' dir='ltr'><strong>in</strong></span> 
     </span>
     <span class='ocr_line' id='line_1_3' title="bbox 362 700 1420 800; baseline -0.002 -22"><span class='ocrx_word' id='word_1_14' title='bbox 362 703 514 789; x_wconf 72' lang='lat' dir='ltr'><strong>infausta</strong></span> <span class='ocrx_word' id='word_1_15' title='bbox 527 721 616 773; x_wconf 89' lang='lat' dir='ltr'><strong>nave</strong></span> <span class='ocrx_word' id='word_1_16' title='bbox 628 700 783 773; x_wconf 72' lang='lat' dir='ltr'><strong>iuuerunt.</strong></span> <span class='ocrx_word' id='word_1_17' title='bbox 802 705 884 794; x_wconf 91' lang='lat' dir='ltr'><strong>Duo</strong></span> <span class='ocrx_word' id='word_1_18' title='bbox 896 703 1072 800; x_wconf 79' lang='lat' dir='ltr'>siquidem</span> <span class='ocrx_word' id='word_1_19' title='bbox 1085 705 1254 778; x_wconf 86' lang='lat' dir='ltr'><strong>monachi</strong></span> <span class='ocrx_word' id='word_1_20' title='bbox 1263 705 1420 796; x_wconf 77' lang='lat' dir='ltr'><strong>ttmnis,</strong></span> 
     </span>
     <span class='ocr_line' id='line_1_4' title="bbox 361 818 1424 916; baseline 0.002 -26"><span class='ocrx_word' id='word_1_21' title='bbox 361 833 398 890; x_wconf 85' lang='lat' dir='ltr'><strong>et</strong></span> <span class='ocrx_word' id='word_1_22' title='bbox 413 819 611 916; x_wconf 73' lang='lat' dir='ltr'><strong>Stephanum</strong></span> <span class='ocrx_word' id='word_1_23' title='bbox 627 839 747 890; x_wconf 88' lang='lat' dir='ltr'><strong>comes</strong></span> <span class='ocrx_word' id='word_1_24' title='bbox 760 818 791 914; x_wconf 81' lang='lat' dir='ltr'><strong>(t</strong></span> <span class='ocrx_word' id='word_1_25' title='bbox 801 819 815 914; x_wconf 91' lang='lat'><em>)</em></span> <span class='ocrx_word' id='word_1_26' title='bbox 825 843 910 894; x_wconf 88' lang='lat' dir='ltr'><strong>cum</strong></span> <span class='ocrx_word' id='word_1_27' title='bbox 920 819 1063 892; x_wconf 84' lang='lat' dir='ltr'><strong>duobus</strong></span> <span class='ocrx_word' id='word_1_28' title='bbox 1079 820 1260 910; x_wconf 82' lang='lat' dir='ltr'><strong>militibus,</strong></span> <span class='ocrx_word' id='word_1_29' title='bbox 1273 820 1424 893; x_wconf 87' lang='lat' dir='ltr'><strong>Guillel·</strong></span> 
     </span>
     <span class='ocr_line' id='line_1_5' title="bbox 362 931 1422 1032; baseline 0.006 -28"><span class='ocrx_word' id='word_1_30' title='bbox 362 955 442 1004; x_wconf 91' lang='lat' dir='ltr'><strong>mus</strong></span> <span class='ocrx_word' id='word_1_31' title='bbox 458 957 603 1029; x_wconf 86' lang='lat' dir='ltr'><strong>queque</strong></span> <span class='ocrx_word' id='word_1_32' title='bbox 619 931 665 1016; x_wconf 85' lang='lat' dir='ltr'><strong>de</strong></span> <span class='ocrx_word' id='word_1_33' title='bbox 682 933 865 1025; x_wconf 85' lang='lat' dir='ltr'><strong>Rolmarn,</strong></span> <span class='ocrx_word' id='word_1_34' title='bbox 885 945 921 1006; x_wconf 82' lang='lat' dir='ltr'><strong>et</strong></span> <span class='ocrx_word' id='word_1_35' title='bbox 938 934 1102 1008; x_wconf 81' lang='lat' dir='ltr'><strong>Rabellus</strong></span> <span class='ocrx_word' id='word_1_36' title='bbox 1116 937 1337 1008; x_wconf 80' lang='lat' dir='ltr'><strong>Camerarius</strong></span> <span class='ocrx_word' id='word_1_37' title='bbox 1345 935 1422 1032; x_wconf 82' lang='lat'><strong>(2),</strong></span> 
     </span>
     <span class='ocr_line' id='line_1_6' title="bbox 361 1047 1422 1151; baseline 0.003 -31"><span class='ocrx_word' id='word_1_38' title='bbox 361 1047 548 1122; x_wconf 79' lang='lat' dir='ltr'><strong>Edumdus</strong></span> <span class='ocrx_word' id='word_1_39' title='bbox 561 1047 610 1120; x_wconf 86' lang='lat' dir='ltr'><strong>de</strong></span> <span class='ocrx_word' id='word_1_40' title='bbox 620 1047 894 1147; x_wconf 52' lang='lat' dir='ltr'><strong>sunonem),</strong></span> <span class='ocrx_word' id='word_1_41' title='bbox 910 1049 1140 1151; x_wconf 81' lang='lat' dir='ltr'><strong>etaliiplures</strong></span> <span class='ocrx_word' id='word_1_42' title='bbox 1147 1049 1422 1140; x_wconf 81' lang='lat' dir='ltr'><strong>indeexiemnt,</strong></span> 
     </span>
     <span class='ocr_line' id='line_1_7' title="bbox 360 1155 1424 1264; baseline 0.002 -30"><span class='ocrx_word' id='word_1_43' title='bbox 360 1163 445 1259; x_wconf 84' lang='lat' dir='ltr'><strong>quia</strong></span> <span class='ocrx_word' id='word_1_44' title='bbox 461 1163 615 1234; x_wconf 85' lang='lat' dir='ltr'><strong>nimiam</strong></span> <span class='ocrx_word' id='word_1_45' title='bbox 633 1155 898 1239; x_wconf 83' lang='lat' dir='ltr'><strong>multitudinem</strong></span> <span class='ocrx_word' id='word_1_46' title='bbox 920 1165 1058 1238; x_wconf 76' lang='lat' dir='ltr'><strong>lascive</strong></span> <span class='ocrx_word' id='word_1_47' title='bbox 1078 1180 1115 1237; x_wconf 87' lang='lat' dir='ltr'><strong>et</strong></span> <span class='ocrx_word' id='word_1_48' title='bbox 1134 1167 1344 1264; x_wconf 76' lang='lat' dir='ltr'><strong>pompatice</strong></span> <span class='ocrx_word' id='word_1_49' title='bbox 1360 1166 1424 1260; x_wconf 81' lang='lat' dir='ltr'><strong>ju·</strong></span> 
     </span>
     <span class='ocr_line' id='line_1_8' title="bbox 360 1279 1424 1377; baseline 0.006 -31"><span class='ocrx_word' id='word_1_50' title='bbox 360 1279 514 1350; x_wconf 77' lang='lat' dir='ltr'><strong>uentutis</strong></span> <span class='ocrx_word' id='word_1_51' title='bbox 538 1279 653 1350; x_wconf 88' lang='lat' dir='ltr'><strong>inesse</strong></span> <span class='ocrx_word' id='word_1_52' title='bbox 677 1280 872 1377; x_wconf 87' lang='lat' dir='ltr'><strong>conspicati</strong></span> <span class='ocrx_word' id='word_1_53' title='bbox 895 1295 989 1352; x_wconf 78' lang='lat' dir='ltr'><strong>sunt.</strong></span> <span class='ocrx_word' id='word_1_54' title='bbox 1022 1281 1126 1352; x_wconf 88' lang='lat' dir='ltr'><strong>Periti</strong></span> <span class='ocrx_word' id='word_1_55' title='bbox 1150 1282 1246 1353; x_wconf 89' lang='lat' dir='ltr'><strong>enim</strong></span> <span class='ocrx_word' id='word_1_56' title='bbox 1271 1281 1424 1376; x_wconf 79' lang='lat' dir='ltr'><strong>remiges</strong></span> 
     </span>
     <span class='ocr_line' id='line_1_9' title="bbox 360 1391 1424 1493; baseline 0.004 -31"><span class='ocrx_word' id='word_1_57' title='bbox 360 1391 616 1489; x_wconf 79' lang='lat' dir='ltr'><strong>quinquaginta</strong></span> <span class='ocrx_word' id='word_1_58' title='bbox 627 1391 677 1466; x_wconf 89' lang='lat' dir='ltr'><strong>ibi</strong></span> <span class='ocrx_word' id='word_1_59' title='bbox 690 1407 804 1486; x_wconf 83' lang='lat' dir='ltr'><strong>erent,</strong></span> <span class='ocrx_word' id='word_1_60' title='bbox 820 1408 859 1465; x_wconf 88' lang='lat' dir='ltr'><strong>et</strong></span> <span class='ocrx_word' id='word_1_61' title='bbox 874 1394 1008 1468; x_wconf 84' lang='lat' dir='ltr'><strong>feroces</strong></span> <span class='ocrx_word' id='word_1_62' title='bbox 1023 1394 1172 1493; x_wconf 72' lang='lat' dir='ltr'><strong>epibatae</strong></span> <span class='ocrx_word' id='word_1_63' title='bbox 1184 1393 1252 1491; x_wconf 79' lang='lat' dir='ltr'><strong>(tr),</strong></span> <span class='ocrx_word' id='word_1_64' title='bbox 1272 1395 1334 1492; x_wconf 92' lang='lat' dir='ltr'><strong>qui</strong></span> <span class='ocrx_word' id='word_1_65' title='bbox 1345 1395 1424 1490; x_wconf 78' lang='lat' dir='ltr'><strong>jem</strong></span> 
     </span>
     <span class='ocr_line' id='line_1_10' title="bbox 360 1506 1423 1608; baseline 0.002 -28"><span class='ocrx_word' id='word_1_66' title='bbox 360 1506 398 1580; x_wconf 89' lang='lat' dir='ltr'><strong>iu</strong></span> <span class='ocrx_word' id='word_1_67' title='bbox 413 1508 498 1580; x_wconf 80' lang='lat' dir='ltr'><strong>nevi</strong></span> <span class='ocrx_word' id='word_1_68' title='bbox 511 1507 613 1580; x_wconf 84' lang='lat' dir='ltr'><strong>sedes</strong></span> <span class='ocrx_word' id='word_1_69' title='bbox 632 1510 727 1584; x_wconf 81' lang='lat' dir='ltr'><strong>nacti</strong></span> <span class='ocrx_word' id='word_1_70' title='bbox 743 1509 950 1606; x_wconf 83' lang='lat' dir='ltr'><strong>turgebant,</strong></span> <span class='ocrx_word' id='word_1_71' title='bbox 968 1523 1005 1598; x_wconf 80' lang='lat' dir='ltr'><strong>et</strong></span> <span class='ocrx_word' id='word_1_72' title='bbox 1019 1511 1148 1582; x_wconf 81' lang='lat' dir='ltr'><strong>strimet</strong></span> <span class='ocrx_word' id='word_1_73' title='bbox 1165 1535 1237 1608; x_wconf 83' lang='lat' dir='ltr'><strong>pne</strong></span> <span class='ocrx_word' id='word_1_74' title='bbox 1251 1507 1423 1582; x_wconf 76' lang='lat' dir='ltr'><strong>ebrietate</strong></span> 
     </span>
     <span class='ocr_line' id='line_1_11' title="bbox 361 1622 1419 1722; baseline 0.004 -30"><span class='ocrx_word' id='word_1_75' title='bbox 361 1622 601 1714; x_wconf 80' lang='lat' dir='ltr'><strong>immemores,</strong></span> <span class='ocrx_word' id='word_1_76' title='bbox 615 1624 674 1696; x_wconf 77' lang='lat' dir='ltr'><strong>rix</strong></span> <span class='ocrx_word' id='word_1_77' title='bbox 682 1624 838 1722; x_wconf 79' lang='lat' dir='ltr'><strong>aliquem</strong></span> <span class='ocrx_word' id='word_1_78' title='bbox 848 1638 1049 1698; x_wconf 88' lang='lat' dir='ltr'><strong>reverenter</strong></span> <span class='ocrx_word' id='word_1_79' title='bbox 1057 1625 1308 1720; x_wconf 75' lang='lat' dir='ltr'><strong>agnoscebant</strong></span> <span class='ocrx_word' id='word_1_80' title='bbox 1323 1623 1419 1696; x_wconf 80' lang='lat' dir='ltr'><strong>Heu!</strong></span> 
     </span>
     <span class='ocr_line' id='line_1_12' title="bbox 360 1736 1422 1838; baseline 0.001 -27"><span class='ocrx_word' id='word_1_81' title='bbox 360 1737 591 1836; x_wconf 76' lang='lat' dir='ltr'><strong>quamplures</strong></span> <span class='ocrx_word' id='word_1_82' title='bbox 607 1736 752 1810; x_wconf 88' lang='lat' dir='ltr'><strong>illorum</strong></span> <span class='ocrx_word' id='word_1_83' title='bbox 769 1753 907 1814; x_wconf 86' lang='lat' dir='ltr'><strong>mentes</strong></span> <span class='ocrx_word' id='word_1_84' title='bbox 922 1739 981 1838; x_wconf 88' lang='lat' dir='ltr'><strong>pia</strong></span> <span class='ocrx_word' id='word_1_85' title='bbox 997 1739 1189 1811; x_wconf 82' lang='lat' dir='ltr'><strong>devotione</strong></span> <span class='ocrx_word' id='word_1_86' title='bbox 1204 1763 1289 1837; x_wconf 85' lang='lat' dir='ltr'><strong>erga</strong></span> <span class='ocrx_word' id='word_1_87' title='bbox 1304 1743 1422 1812; x_wconf 85' lang='lat' dir='ltr'><strong>Deum</strong></span> 
     </span>
     <span class='ocr_line' id='line_1_13' title="bbox 360 1850 1054 1959; baseline 0.004 -35"><span class='ocrx_word' id='word_1_88' title='bbox 360 1850 543 1927; x_wconf 81' lang='lat' dir='ltr'><strong>hebebant</strong></span> <span class='ocrx_word' id='word_1_89' title='bbox 558 1877 705 1942; x_wconf 70' lang='lat' dir='ltr'><strong>cumeae,</strong></span> <span class='ocrx_word' id='word_1_90' title='bbox 831 1951 834 1959; x_wconf 88' lang='lat'><em>.</em></span> <span class='ocrx_word' id='word_1_91' title='bbox 1052 1863 1054 1868; x_wconf 78' lang='grc'>’</span> 
     </span>
    </p>
   </div>
   <div class='ocr_carea' id='block_1_3' title="bbox 486 2065 1196 2140">
    <p class='ocr_par' dir='ltr' id='par_1_3' title="bbox 486 2065 1196 2140">
     <span class='ocr_line' id='line_1_14' title="bbox 486 2065 1196 2140; baseline 0.001 -20"><span class='ocrx_word' id='word_1_92' title='bbox 486 2067 542 2138; x_wconf 87' lang='lat' dir='ltr'><strong>Qui</strong></span> <span class='ocrx_word' id='word_1_93' title='bbox 556 2067 640 2122; x_wconf 81' lang='lat' dir='ltr'><strong>maris</strong></span> <span class='ocrx_word' id='word_1_94' title='bbox 653 2065 816 2124; x_wconf 74' lang='lat' dir='ltr'><strong>immodicas</strong></span> <span class='ocrx_word' id='word_1_95' title='bbox 828 2067 990 2124; x_wconf 80' lang='lat' dir='ltr'><strong>moderatur</strong></span> <span class='ocrx_word' id='word_1_96' title='bbox 1000 2078 1029 2122; x_wconf 83' lang='lat' dir='ltr'><strong>et</strong></span> <span class='ocrx_word' id='word_1_97' title='bbox 1042 2070 1113 2140; x_wconf 80' lang='lat' dir='ltr'><strong>aeris</strong></span> <span class='ocrx_word' id='word_1_98' title='bbox 1127 2069 1196 2133; x_wconf 71' lang='lat' dir='ltr'><strong>irae!</strong></span> 
     </span>
    </p>
   </div>
   <div class='ocr_carea' id='block_1_4' title="bbox 361 2253 1422 2576">
    <p class='ocr_par' dir='ltr' id='par_1_4' title="bbox 361 2253 1422 2576">
     <span class='ocr_line' id='line_1_15' title="bbox 363 2253 1420 2355; baseline 0.005 -32"><span class='ocrx_word' id='word_1_99' title='bbox 363 2253 465 2327; x_wconf 89' lang='lat' dir='ltr'><strong>Unde</strong></span> <span class='ocrx_word' id='word_1_100' title='bbox 486 2255 703 2347; x_wconf 84' lang='lat' dir='ltr'><strong>sacerdotes,</strong></span> <span class='ocrx_word' id='word_1_101' title='bbox 724 2257 786 2355; x_wconf 93' lang='lat' dir='ltr'><strong>qui</strong></span> <span class='ocrx_word' id='word_1_102' title='bbox 804 2254 850 2328; x_wconf 90' lang='lat' dir='ltr'><strong>ad</strong></span> <span class='ocrx_word' id='word_1_103' title='bbox 868 2255 1134 2329; x_wconf 87' lang='lat' dir='ltr'><strong>benedicendos</strong></span> <span class='ocrx_word' id='word_1_104' title='bbox 1151 2255 1231 2328; x_wconf 86' lang='lat' dir='ltr'><strong>illos</strong></span> <span class='ocrx_word' id='word_1_105' title='bbox 1252 2253 1338 2327; x_wconf 88' lang='lat' dir='ltr'><strong>illuc</strong></span> <span class='ocrx_word' id='word_1_106' title='bbox 1357 2282 1420 2328; x_wconf 87' lang='lat' dir='ltr'><strong>ac-</strong></span> 
     </span>
     <span class='ocr_line' id='line_1_16' title="bbox 361 2367 1422 2474; baseline 0.004 -36"><span class='ocrx_word' id='word_1_107' title='bbox 361 2383 555 2458; x_wconf 85' lang='lat' dir='ltr'><strong>cesserant,</strong></span> <span class='ocrx_word' id='word_1_108' title='bbox 578 2370 737 2472; x_wconf 83' lang='lat' dir='ltr'><strong>aliosque</strong></span> <span class='ocrx_word' id='word_1_109' title='bbox 762 2371 942 2460; x_wconf 86' lang='lat' dir='ltr'><strong>ministros</strong></span> <span class='ocrx_word' id='word_1_110' title='bbox 961 2371 1026 2474; x_wconf 92' lang='lat' dir='ltr'><strong>qui</strong></span> <span class='ocrx_word' id='word_1_111' title='bbox 1044 2395 1174 2470; x_wconf 81' lang='lat' dir='ltr'><strong>equom</strong></span> <span class='ocrx_word' id='word_1_112' title='bbox 1194 2367 1422 2444; x_wconf 87' lang='lat' dir='ltr'><strong>benedictam</strong></span> 
     </span>
     <span class='ocr_line' id='line_1_17' title="bbox 361 2481 1422 2576; baseline 0.004 -22"><span class='ocrx_word' id='word_1_113' title='bbox 361 2481 584 2576; x_wconf 86' lang='lat' dir='ltr'><strong>deferebant,</strong></span> <span class='ocrx_word' id='word_1_114' title='bbox 609 2489 691 2556; x_wconf 83' lang='lat' dir='ltr'><strong>cum</strong></span> <span class='ocrx_word' id='word_1_115' title='bbox 712 2484 889 2558; x_wconf 88' lang='lat' dir='ltr'><strong>dedecore</strong></span> <span class='ocrx_word' id='word_1_116' title='bbox 908 2501 944 2557; x_wconf 89' lang='lat' dir='ltr'><strong>et</strong></span> <span class='ocrx_word' id='word_1_117' title='bbox 964 2485 1148 2558; x_wconf 84' lang='lat' dir='ltr'><strong>cachinnis</strong></span> <span class='ocrx_word' id='word_1_118' title='bbox 1165 2485 1422 2558; x_wconf 84' lang='lat' dir='ltr'><strong>subsannantes</strong></span> 
     </span>
    </p>
   </div>
   <div class='ocr_carea' id='block_1_5' title="bbox 361 2603 1423 2822">
    <p class='ocr_par' dir='ltr' id='par_1_5' title="bbox 361 2603 1423 2822">
     <span class='ocr_line' id='line_1_18' title="bbox 361 2603 1422 2705; baseline 0.001 -27"><span class='ocrx_word' id='word_1_119' title='bbox 361 2603 566 2704; x_wconf 82' lang='lat' dir='ltr'><strong>abigerunt;</strong></span> <span class='ocrx_word' id='word_1_120' title='bbox 581 2606 643 2678; x_wconf 91' lang='lat' dir='ltr'><strong>sed</strong></span> <span class='ocrx_word' id='word_1_121' title='bbox 655 2605 763 2704; x_wconf 91' lang='lat' dir='ltr'><strong>paulo</strong></span> <span class='ocrx_word' id='word_1_122' title='bbox 774 2620 857 2705; x_wconf 90' lang='lat' dir='ltr'><strong>post</strong></span> <span class='ocrx_word' id='word_1_123' title='bbox 867 2605 1054 2679; x_wconf 85' lang='lat' dir='ltr'><strong>derisionis</strong></span> <span class='ocrx_word' id='word_1_124' title='bbox 1065 2632 1136 2678; x_wconf 85' lang='lat' dir='ltr'><strong>suae</strong></span> <span class='ocrx_word' id='word_1_125' title='bbox 1145 2605 1321 2680; x_wconf 91' lang='lat' dir='ltr'><strong>ultionem</strong></span> <span class='ocrx_word' id='word_1_126' title='bbox 1332 2631 1422 2680; x_wconf 88' lang='lat' dir='ltr'><strong>rece·</strong></span> 
     </span>
     <span class='ocr_line' id='line_1_19' title="bbox 362 2718 1423 2822; baseline 0 -28"><span class='ocrx_word' id='word_1_127' title='bbox 362 2737 503 2818; x_wconf 87' lang='lat' dir='ltr'><strong>perunt.</strong></span> <span class='ocrx_word' id='word_1_128' title='bbox 524 2718 597 2793; x_wconf 90' lang='lat' dir='ltr'><strong>Soli</strong></span> <span class='ocrx_word' id='word_1_129' title='bbox 613 2721 779 2794; x_wconf 90' lang='lat' dir='ltr'><strong>homines</strong></span> <span class='ocrx_word' id='word_1_130' title='bbox 795 2721 864 2820; x_wconf 77' lang='lat'><strong>(5),</strong></span> <span class='ocrx_word' id='word_1_131' title='bbox 887 2747 970 2796; x_wconf 90' lang='lat' dir='ltr'><strong>cum</strong></span> <span class='ocrx_word' id='word_1_132' title='bbox 992 2721 1158 2796; x_wconf 88' lang='lat' dir='ltr'><strong>thesauro</strong></span> <span class='ocrx_word' id='word_1_133' title='bbox 1174 2721 1267 2822; x_wconf 82' lang='lat' dir='ltr'><strong>regis</strong></span> <span class='ocrx_word' id='word_1_134' title='bbox 1282 2737 1319 2795; x_wconf 91' lang='lat' dir='ltr'><strong>et</strong></span> <span class='ocrx_word' id='word_1_135' title='bbox 1334 2721 1423 2794; x_wconf 88' lang='lat' dir='ltr'><strong>vasis</strong></span> 
     </span>
    </p>
   </div>
   <div class='ocr_carea' id='block_1_6' title="bbox 363 3037 1425 4262">
    <p class='ocr_par' dir='ltr' id='par_1_6' title="bbox 396 3037 1021 3115">
     <span class='ocr_line' id='line_1_20' title="bbox 396 3037 1021 3115; baseline -0.005 -15"><span class='ocrx_word' id='word_1_136' title='bbox 396 3045 437 3115; x_wconf 76' lang='lat' dir='ltr'><strong>(t)</strong></span> <span class='ocrx_word' id='word_1_137' title='bbox 456 3041 576 3099; x_wconf 77' lang='lat' dir='ltr'><strong>Etienne</strong></span> <span class='ocrx_word' id='word_1_138' title='bbox 585 3039 622 3098; x_wconf 84' lang='lat' dir='ltr'><strong>de</strong></span> <span class='ocrx_word' id='word_1_139' title='bbox 634 3040 722 3110; x_wconf 80' lang='lat' dir='ltr'><strong>Btoir,</strong></span> <span class='ocrx_word' id='word_1_140' title='bbox 736 3051 828 3098; x_wconf 85' lang='lat' dir='ltr'><strong>comte</strong></span> <span class='ocrx_word' id='word_1_141' title='bbox 839 3037 875 3096; x_wconf 91' lang='lat' dir='ltr'><strong>de</strong></span> <span class='ocrx_word' id='word_1_142' title='bbox 889 3039 1021 3097; x_wconf 71' lang='lat' dir='ltr'><strong>Mortem.</strong></span> 
     </span>
    </p>

    <p class='ocr_par' dir='ltr' id='par_1_7' title="bbox 363 3126 1425 3978">
     <span class='ocr_line' id='line_1_21' title="bbox 398 3126 1424 3203; baseline -0.007 -13"><span class='ocrx_word' id='word_1_143' title='bbox 398 3134 440 3203; x_wconf 75' lang='lat'><strong>(2)</strong></span> <span class='ocrx_word' id='word_1_144' title='bbox 456 3127 560 3200; x_wconf 70' lang='lat' dir='ltr'><strong>esbel,</strong></span> <span class='ocrx_word' id='word_1_145' title='bbox 576 3131 620 3188; x_wconf 80' lang='lat' dir='ltr'><strong>tiis</strong></span> <span class='ocrx_word' id='word_1_146' title='bbox 632 3127 671 3188; x_wconf 79' lang='lat' dir='ltr'><strong>de</strong></span> <span class='ocrx_word' id='word_1_147' title='bbox 687 3129 848 3190; x_wconf 76' lang='lat' dir='ltr'><strong>Gutumne</strong></span> <span class='ocrx_word' id='word_1_148' title='bbox 862 3128 897 3188; x_wconf 78' lang='lat' dir='ltr'><strong>de</strong></span> <span class='ocrx_word' id='word_1_149' title='bbox 910 3127 1084 3186; x_wconf 69' lang='lat' dir='ltr'><strong>Tanmrvilie</strong></span> <span class='ocrx_word' id='word_1_150' title='bbox 1095 3139 1125 3186; x_wconf 88' lang='lat' dir='ltr'><strong>et</strong></span> <span class='ocrx_word' id='word_1_151' title='bbox 1140 3127 1176 3184; x_wconf 85' lang='lat' dir='ltr'><strong>de</strong></span> <span class='ocrx_word' id='word_1_152' title='bbox 1190 3126 1331 3188; x_wconf 64' lang='grc' dir='ltr'><strong>Μὰ</strong></span> <span class='ocrx_word' id='word_1_153' title='bbox 1341 3128 1424 3184; x_wconf 74' lang='lat' dir='ltr'><strong>d’dr·</strong></span> 
     </span>
     <span class='ocr_line' id='line_1_22' title="bbox 363 3214 1423 3294; baseline -0.001 -21"><span class='ocrx_word' id='word_1_154' title='bbox 363 3235 442 3294; x_wconf 78' lang='lat' dir='ltr'><strong>ques.</strong></span> <span class='ocrx_word' id='word_1_155' title='bbox 461 3219 536 3276; x_wconf 83' lang='lat' dir='ltr'><strong>C’ert</strong></span> <span class='ocrx_word' id='word_1_156' title='bbox 552 3237 584 3276; x_wconf 87' lang='lat' dir='ltr'><strong>ce</strong></span> <span class='ocrx_word' id='word_1_157' title='bbox 600 3219 731 3294; x_wconf 79' lang='lat' dir='ltr'><strong>seigneur</strong></span> <span class='ocrx_word' id='word_1_158' title='bbox 748 3219 798 3294; x_wconf 88' lang='lat' dir='ltr'><strong>qui</strong></span> <span class='ocrx_word' id='word_1_159' title='bbox 810 3220 913 3291; x_wconf 80' lang='lat' dir='ltr'><strong>epousa</strong></span> <span class='ocrx_word' id='word_1_160' title='bbox 928 3216 1038 3290; x_wconf 68' lang='lat' dir='ltr'><strong>Agnes,</strong></span> <span class='ocrx_word' id='word_1_161' title='bbox 1055 3215 1112 3272; x_wconf 85' lang='lat' dir='ltr'><strong>fille</strong></span> <span class='ocrx_word' id='word_1_162' title='bbox 1126 3215 1241 3274; x_wconf 88' lang='lat' dir='ltr'><strong>d’Odon</strong></span> <span class='ocrx_word' id='word_1_163' title='bbox 1256 3215 1375 3290; x_wconf 71' lang='lat' dir='ltr'><strong>Stigaud</strong></span> <span class='ocrx_word' id='word_1_164' title='bbox 1390 3214 1423 3272; x_wconf 85' lang='lat' dir='ltr'><strong>de</strong></span> 
     </span>
     <span class='ocr_line' id='line_1_23' title="bbox 365 3303 1424 3383; baseline -0.002 -23"><span class='ocrx_word' id='word_1_165' title='bbox 365 3305 507 3374; x_wconf 77' lang='lat' dir='ltr'><strong>Mesidon,</strong></span> <span class='ocrx_word' id='word_1_166' title='bbox 526 3317 555 3362; x_wconf 84' lang='lat' dir='ltr'><strong>et</strong></span> <span class='ocrx_word' id='word_1_167' title='bbox 571 3307 620 3383; x_wconf 91' lang='lat' dir='ltr'><strong>qui</strong></span> <span class='ocrx_word' id='word_1_168' title='bbox 638 3305 722 3363; x_wconf 78' lang='lat' dir='ltr'><strong>fonde</strong></span> <span class='ocrx_word' id='word_1_169' title='bbox 738 3305 764 3364; x_wconf 88' lang='lat' dir='ltr'><strong>le</strong></span> <span class='ocrx_word' id='word_1_170' title='bbox 779 3307 893 3378; x_wconf 69' lang='lat' dir='ltr'><strong>prieurs</strong></span> <span class='ocrx_word' id='word_1_171' title='bbox 909 3303 945 3360; x_wconf 89' lang='lat' dir='ltr'><strong>de</strong></span> <span class='ocrx_word' id='word_1_172' title='bbox 962 3304 1320 3380; x_wconf 57' lang='lat' dir='ltr'><strong>sainte-Barbeen-Auge.</strong></span> <span class='ocrx_word' id='word_1_173' title='bbox 1340 3304 1424 3359; x_wconf 84' lang='lat' dir='ltr'><strong>Notre</strong></span> 
     </span>
     <span class='ocr_line' id='line_1_24' title="bbox 364 3376 1424 3470; baseline 0 -23"><span class='ocrx_word' id='word_1_174' title='bbox 364 3403 461 3449; x_wconf 81' lang='lat' dir='ltr'><strong>savant</strong></span> <span class='ocrx_word' id='word_1_175' title='bbox 475 3393 545 3461; x_wconf 84' lang='lat' dir='ltr'><strong>ami,</strong></span> <span class='ocrx_word' id='word_1_176' title='bbox 564 3393 602 3451; x_wconf 19' lang='lat' dir='ltr'><strong>Mt.</strong></span> <span class='ocrx_word' id='word_1_177' title='bbox 618 3376 738 3462; x_wconf 66' lang='lat' dir='ltr'><strong>Beville,</strong></span> <span class='ocrx_word' id='word_1_178' title='bbox 757 3411 841 3470; x_wconf 84' lang='lat' dir='ltr'><strong>pense</strong></span> <span class='ocrx_word' id='word_1_179' title='bbox 853 3409 909 3469; x_wconf 86' lang='lat' dir='ltr'><strong>que</strong></span> <span class='ocrx_word' id='word_1_180' title='bbox 924 3393 991 3449; x_wconf 85' lang='lat' dir='ltr'><strong>c’est</strong></span> <span class='ocrx_word' id='word_1_181' title='bbox 1008 3409 1059 3467; x_wconf 84' lang='lat' dir='ltr'><strong>par</strong></span> <span class='ocrx_word' id='word_1_182' title='bbox 1074 3393 1257 3467; x_wconf 78' lang='lat' dir='ltr'><strong>anticipuion</strong></span> <span class='ocrx_word' id='word_1_183' title='bbox 1273 3411 1330 3468; x_wconf 89' lang='lat' dir='ltr'><strong>que</strong></span> <span class='ocrx_word' id='word_1_184' title='bbox 1347 3401 1424 3448; x_wconf 84' lang='lat' dir='ltr'><strong>notre</strong></span> 
     </span>
     <span class='ocr_line' id='line_1_25' title="bbox 364 3481 1425 3556; baseline 0.001 -21"><span class='ocrx_word' id='word_1_185' title='bbox 364 3490 466 3536; x_wconf 74' lang='lat' dir='ltr'><strong>auteur</strong></span> <span class='ocrx_word' id='word_1_186' title='bbox 481 3481 523 3536; x_wconf 84' lang='lat' dir='ltr'><strong>lui</strong></span> <span class='ocrx_word' id='word_1_187' title='bbox 540 3481 634 3540; x_wconf 84' lang='lat' dir='ltr'><strong>donne</strong></span> <span class='ocrx_word' id='word_1_188' title='bbox 648 3483 676 3538; x_wconf 80' lang='lat' dir='ltr'><strong>ie</strong></span> <span class='ocrx_word' id='word_1_189' title='bbox 693 3483 759 3538; x_wconf 81' lang='lat' dir='ltr'><strong>titre</strong></span> <span class='ocrx_word' id='word_1_190' title='bbox 773 3483 810 3540; x_wconf 84' lang='lat' dir='ltr'><strong>de</strong></span> <span class='ocrx_word' id='word_1_191' title='bbox 824 3481 1013 3551; x_wconf 73' lang='lat' dir='ltr'><strong>chambellan,</strong></span> <span class='ocrx_word' id='word_1_192' title='bbox 1031 3483 1151 3556; x_wconf 61' lang='lat' dir='ltr'><strong>puerque</strong></span> <span class='ocrx_word' id='word_1_193' title='bbox 1165 3497 1217 3536; x_wconf 76' lang='lat' dir='ltr'><strong>rou</strong></span> <span class='ocrx_word' id='word_1_194' title='bbox 1236 3483 1303 3554; x_wconf 71' lang='lat' dir='ltr'><strong>pere</strong></span> <span class='ocrx_word' id='word_1_195' title='bbox 1317 3481 1425 3537; x_wconf 66' lang='lat' dir='ltr'><strong>existit</strong></span> 
     </span>
     <span class='ocr_line' id='line_1_26' title="bbox 364 3567 1425 3645; baseline -0.004 -20"><span class='ocrx_word' id='word_1_196' title='bbox 364 3585 477 3625; x_wconf 76' lang='lat' dir='ltr'><strong>moure.</strong></span> <span class='ocrx_word' id='word_1_197' title='bbox 498 3568 586 3626; x_wconf 84' lang='lat' dir='ltr'><strong>Notre</strong></span> <span class='ocrx_word' id='word_1_198' title='bbox 606 3570 724 3644; x_wconf 83' lang='lat' dir='ltr'><strong>opinion</strong></span> <span class='ocrx_word' id='word_1_199' title='bbox 740 3580 785 3626; x_wconf 84' lang='lat' dir='ltr'><strong>eet</strong></span> <span class='ocrx_word' id='word_1_200' title='bbox 801 3569 872 3645; x_wconf 81' lang='lat' dir='ltr'><strong>qu’il</strong></span> <span class='ocrx_word' id='word_1_201' title='bbox 891 3569 951 3624; x_wconf 78' lang='lat' dir='ltr'><strong>faut</strong></span> <span class='ocrx_word' id='word_1_202' title='bbox 970 3569 1064 3644; x_wconf 75' lang='lat' dir='ltr'><strong>plntdt</strong></span> <span class='ocrx_word' id='word_1_203' title='bbox 1083 3567 1242 3626; x_wconf 73' lang='lat' dir='ltr'><strong>consideres</strong></span> <span class='ocrx_word' id='word_1_204' title='bbox 1263 3569 1302 3624; x_wconf 81' lang='lat' dir='ltr'><strong>tet</strong></span> <span class='ocrx_word' id='word_1_205' title='bbox 1318 3585 1351 3624; x_wconf 87' lang='lat' dir='ltr'><strong>ce</strong></span> <span class='ocrx_word' id='word_1_206' title='bbox 1369 3576 1425 3622; x_wconf 84' lang='lat' dir='ltr'><strong>mot</strong></span> 
     </span>
     <span class='ocr_line' id='line_1_27' title="bbox 365 3656 1424 3733; baseline 0 -24"><span class='ocrx_word' id='word_1_207' title='bbox 365 3673 475 3710; x_wconf 86' lang='lat' dir='ltr'><strong>comme</strong></span> <span class='ocrx_word' id='word_1_208' title='bbox 491 3675 547 3712; x_wconf 90' lang='lat' dir='ltr'><strong>une</strong></span> <span class='ocrx_word' id='word_1_209' title='bbox 562 3657 737 3733; x_wconf 74' lang='lat' dir='ltr'><strong>designatius</strong></span> <span class='ocrx_word' id='word_1_210' title='bbox 751 3658 920 3714; x_wconf 76' lang='lat' dir='ltr'><strong>hereditaire</strong></span> <span class='ocrx_word' id='word_1_211' title='bbox 933 3659 969 3713; x_wconf 90' lang='lat' dir='ltr'><strong>de</strong></span> <span class='ocrx_word' id='word_1_212' title='bbox 982 3656 1100 3728; x_wconf 78' lang='lat' dir='ltr'><strong>familie,</strong></span> <span class='ocrx_word' id='word_1_213' title='bbox 1117 3675 1173 3732; x_wconf 86' lang='lat' dir='ltr'><strong>que</strong></span> <span class='ocrx_word' id='word_1_214' title='bbox 1189 3675 1298 3712; x_wconf 86' lang='lat' dir='ltr'><strong>comme</strong></span> <span class='ocrx_word' id='word_1_215' title='bbox 1310 3675 1348 3712; x_wconf 89' lang='lat' dir='ltr'><strong>un</strong></span> <span class='ocrx_word' id='word_1_216' title='bbox 1362 3657 1424 3710; x_wconf 78' lang='lat' dir='ltr'><strong>titre</strong></span> 
     </span>
     <span class='ocr_line' id='line_1_28' title="bbox 365 3744 1424 3822; baseline -0.003 -22"><span class='ocrx_word' id='word_1_217' title='bbox 365 3744 472 3818; x_wconf 80' lang='lat' dir='ltr'><strong>peritii.</strong></span> <span class='ocrx_word' id='word_1_218' title='bbox 486 3744 561 3802; x_wconf 84' lang='lat' dir='ltr'><strong>C&#39;est</strong></span> <span class='ocrx_word' id='word_1_219' title='bbox 572 3747 642 3802; x_wconf 83' lang='lat' dir='ltr'><strong>ainsi</strong></span> <span class='ocrx_word' id='word_1_220' title='bbox 651 3748 736 3822; x_wconf 88' lang='lat' dir='ltr'><strong>qu’on</strong></span> <span class='ocrx_word' id='word_1_221' title='bbox 745 3766 761 3802; x_wconf 84' lang='lat' dir='ltr'><strong>a</strong></span> <span class='ocrx_word' id='word_1_222' title='bbox 770 3747 903 3802; x_wconf 79' lang='lat' dir='ltr'><strong>continue</strong></span> <span class='ocrx_word' id='word_1_223' title='bbox 913 3747 949 3802; x_wconf 90' lang='lat' dir='ltr'><strong>de</strong></span> <span class='ocrx_word' id='word_1_224' title='bbox 960 3745 1022 3802; x_wconf 90' lang='lat' dir='ltr'><strong>dire</strong></span> <span class='ocrx_word' id='word_1_225' title='bbox 1036 3769 1042 3800; x_wconf 91' lang='lat'><strong>:</strong></span> <span class='ocrx_word' id='word_1_226' title='bbox 1055 3745 1095 3801; x_wconf 85' lang='lat' dir='ltr'><strong>les</strong></span> <span class='ocrx_word' id='word_1_227' title='bbox 1103 3744 1293 3802; x_wconf 78' lang='lat' dir='ltr'><strong>chambellanr</strong></span> <span class='ocrx_word' id='word_1_228' title='bbox 1303 3745 1424 3800; x_wconf 74' lang='lat' dir='ltr'><strong>de‘l&#39;uu-</strong></span> 
     </span>
     <span class='ocr_line' id='line_1_29' title="bbox 365 3833 1425 3909; baseline 0 -21"><span class='ocrx_word' id='word_1_229' title='bbox 365 3833 491 3900; x_wconf 83' lang='lat' dir='ltr'><strong>carville,</strong></span> <span class='ocrx_word' id='word_1_230' title='bbox 509 3851 546 3890; x_wconf 86' lang='lat' dir='ltr'><strong>on</strong></span> <span class='ocrx_word' id='word_1_231' title='bbox 560 3835 651 3890; x_wconf 70' lang='lat' dir='ltr'><strong>meme</strong></span> <span class='ocrx_word' id='word_1_232' title='bbox 664 3834 705 3890; x_wconf 86' lang='lat' dir='ltr'><strong>les</strong></span> <span class='ocrx_word' id='word_1_233' title='bbox 717 3834 927 3904; x_wconf 84' lang='lat' dir='ltr'><strong>Chambellam,</strong></span> <span class='ocrx_word' id='word_1_234' title='bbox 944 3835 1103 3909; x_wconf 75' lang='lat' dir='ltr'><strong>iongtemps</strong></span> <span class='ocrx_word' id='word_1_235' title='bbox 1119 3835 1199 3908; x_wconf 78' lang='lat' dir='ltr'><strong>apres</strong></span> <span class='ocrx_word' id='word_1_236' title='bbox 1213 3853 1270 3909; x_wconf 89' lang='lat' dir='ltr'><strong>que</strong></span> <span class='ocrx_word' id='word_1_237' title='bbox 1282 3833 1308 3888; x_wconf 86' lang='lat' dir='ltr'><strong>ia</strong></span> <span class='ocrx_word' id='word_1_238' title='bbox 1324 3833 1425 3905; x_wconf 77' lang='lat' dir='ltr'><strong>charge</strong></span> 
     </span>
     <span class='ocr_line' id='line_1_30' title="bbox 366 3921 780 3978; baseline -0.007 0"><span class='ocrx_word' id='word_1_239' title='bbox 366 3922 436 3978; x_wconf 74' lang='lat' dir='ltr'><strong>etuit</strong></span> <span class='ocrx_word' id='word_1_240' title='bbox 448 3924 535 3978; x_wconf 81' lang='lat' dir='ltr'><strong>sortie</strong></span> <span class='ocrx_word' id='word_1_241' title='bbox 546 3921 582 3977; x_wconf 91' lang='lat' dir='ltr'><strong>de</strong></span> <span class='ocrx_word' id='word_1_242' title='bbox 593 3921 668 3977; x_wconf 86' lang='lat' dir='ltr'><strong>leurs</strong></span> <span class='ocrx_word' id='word_1_243' title='bbox 681 3924 780 3977; x_wconf 84' lang='lat' dir='ltr'><strong>mains.</strong></span> 
     </span>
    </p>

    <p class='ocr_par' dir='ltr' id='par_1_8' title="bbox 402 4011 1135 4084">
     <span class='ocr_line' id='line_1_31' title="bbox 402 4011 1135 4084; baseline -0.003 -16"><span class='ocrx_word' id='word_1_244' title='bbox 402 4013 443 4083; x_wconf 76' lang='lat'><strong>(8)</strong></span> <span class='ocrx_word' id='word_1_245' title='bbox 459 4012 516 4068; x_wconf 83' lang='lat' dir='ltr'><strong>Sur</strong></span> <span class='ocrx_word' id='word_1_246' title='bbox 527 4027 558 4068; x_wconf 80' lang='lat' dir='ltr'><strong>oe</strong></span> <span class='ocrx_word' id='word_1_247' title='bbox 571 4027 757 4084; x_wconf 64' lang='lat' dir='ltr'><strong>perso-nepe,</strong></span> <span class='ocrx_word' id='word_1_248' title='bbox 771 4029 854 4084; x_wconf 73' lang='lat' dir='ltr'><strong>reyes</strong></span> <span class='ocrx_word' id='word_1_249' title='bbox 865 4011 1013 4080; x_wconf 56' lang='lat' dir='ltr'><strong>‹si-desem</strong></span> <span class='ocrx_word' id='word_1_250' title='bbox 1029 4029 1058 4084; x_wconf 89' lang='lat' dir='ltr'><strong>p.</strong></span> <span class='ocrx_word' id='word_1_251' title='bbox 1072 4011 1135 4070; x_wconf 78' lang='lat' dir='ltr'><strong>eet.</strong></span> 
     </span>
    </p>

    <p class='ocr_par' dir='ltr' id='par_1_9' title="bbox 403 4097 1255 4172">
     <span class='ocr_line' id='line_1_32' title="bbox 403 4097 1255 4172; baseline -0.005 -16"><span class='ocrx_word' id='word_1_252' title='bbox 403 4101 443 4171; x_wconf 66' lang='grc' dir='ltr'><strong>(υ</strong></span> <span class='ocrx_word' id='word_1_253' title='bbox 462 4101 513 4156; x_wconf 63' lang='grc' dir='ltr'><strong>[α</strong></span> <span class='ocrx_word' id='word_1_254' title='bbox 525 4097 630 4156; x_wconf 78' lang='lat' dir='ltr'><strong>soidsts</strong></span> <span class='ocrx_word' id='word_1_255' title='bbox 642 4111 804 4172; x_wconf 72' lang='lat' dir='ltr'><strong>componant</strong></span> <span class='ocrx_word' id='word_1_256' title='bbox 815 4099 942 4156; x_wconf 81' lang='lat' dir='ltr'><strong>l’ercorte</strong></span> <span class='ocrx_word' id='word_1_257' title='bbox 954 4097 1085 4156; x_wconf 72' lang='lat' dir='ltr'><strong>rnriitaire</strong></span> <span class='ocrx_word' id='word_1_258' title='bbox 1097 4099 1137 4153; x_wconf 90' lang='lat' dir='ltr'><strong>du</strong></span> <span class='ocrx_word' id='word_1_259' title='bbox 1151 4099 1255 4154; x_wconf 67' lang='lat' dir='ltr'><strong>nadre.</strong></span> 
     </span>
    </p>

    <p class='ocr_par' dir='ltr' id='par_1_10' title="bbox 405 4187 1423 4262">
     <span class='ocr_line' id='line_1_33' title="bbox 405 4187 1423 4262; baseline -0.005 -17"><span class='ocrx_word' id='word_1_260' title='bbox 405 4193 444 4258; x_wconf 76' lang='lat'><strong>(5)</strong></span> <span class='ocrx_word' id='word_1_261' title='bbox 463 4191 540 4244; x_wconf 85' lang='lat' dir='ltr'><strong>Nous</strong></span> <span class='ocrx_word' id='word_1_262' title='bbox 555 4206 672 4260; x_wconf 85' lang='lat' dir='ltr'><strong>pensons</strong></span> <span class='ocrx_word' id='word_1_263' title='bbox 685 4187 753 4262; x_wconf 84' lang='lat' dir='ltr'><strong>qu&#39;ii</strong></span> <span class='ocrx_word' id='word_1_264' title='bbox 767 4189 825 4243; x_wconf 82' lang='lat' dir='ltr'><strong>saut</strong></span> <span class='ocrx_word' id='word_1_265' title='bbox 839 4189 1007 4262; x_wconf 75' lang='lat' dir='ltr'><strong>interpretur</strong></span> <span class='ocrx_word' id='word_1_266' title='bbox 1021 4207 1065 4244; x_wconf 82' lang='lat' dir='ltr'><strong>ces</strong></span> <span class='ocrx_word' id='word_1_267' title='bbox 1078 4199 1150 4244; x_wconf 76' lang='lat' dir='ltr'><strong>mota</strong></span> <span class='ocrx_word' id='word_1_268' title='bbox 1161 4188 1230 4244; x_wconf 82' lang='lat' dir='ltr'><strong>dane</strong></span> <span class='ocrx_word' id='word_1_269' title='bbox 1243 4187 1268 4241; x_wconf 83' lang='lat' dir='ltr'><strong>ie</strong></span> <span class='ocrx_word' id='word_1_270' title='bbox 1283 4203 1423 4260; x_wconf 79' lang='lat' dir='ltr'><strong>seneque,</strong></span> 
     </span>
    </p>
   </div>
   <div class='ocr_carea' id='block_1_7' title="bbox 0 0 1604 5064">
    <p class='ocr_par' dir='ltr' id='par_1_11' title="bbox 0 0 1604 5064">
     <span class='ocr_line' id='line_1_34' title="bbox 0 0 1604 5064; baseline 0 0"><span class='ocrx_word' id='word_1_271' title='bbox 0 0 1604 5064; x_wconf 95' lang='lat' dir='ltr'><strong> </strong></span> 
     </span>
    </p>
   </div>
  </div>
 </body>
</html>
