2888 4934
173 425 283 506 [1119]
504 420 623 484 tisun
644 419 915 481 DUODECIMUS.
1175 423 1232 486 ³51

171 560 361 656 gratanter
390 553 593 653 largiemur,
626 551 720 624 uude
745 551 869 624 domm
896 555 982 638 Dei,
1010 568 1047 623 ut
1077 578 1167 639 reor,
1199 559 1237 625 iu

174 671 301 745 mlius
326 668 639 760 reaedificabuntur.
670 669 813 741 Haesitat
839 669 876 738 in
904 680 1005 740 tanto
1033 667 1237 741 discrimine

174 786 302 888 presul
315 787 458 875 anxius,
476 786 616 884 ignorat
631 783 720 882 quid
733 783 856 881 jubeat
872 783 997 855 divinar
1014 782 1238 883 dispositioni

174 903 453 1002 competentium
478 903 592 974 nescit
611 899 700 999 qnid
717 899 846 972 debeat
864 901 975 997 magis
994 898 1084 972 velle
1100 899 1157 973 vel
1173 900 1238 972 eli-

175 1016 456 1116 geresalubrius.
468 1016 640 1106 Tandem,
653 1015 871 1115 prudentum
881 1013 1059 1105 consultu,
1072 1017 1239 1114 praecepit

173 1133 295 1231 ignem
310 1134 467 1223 immitti,
487 1148 523 1205 et
538 1133 715 1206 civitatem
730 1132 965 1221 concremari,
983 1147 1022 1203 ut
1035 1132 1080 1203 ab
1093 1132 1240 1204 anathe-

175 1249 349 1321 muratis
358 1248 603 1345 proditoribus
611 1247 834 1338 liberaretur,
846 1262 882 1320 et
890 1246 1054 1344 legitimis
1066 1246 1240 1320 habitato·

175 1360 275 1436 ribus
291 1365 548 1436 restitueretur.
568 1361 738 1435 Radullus
752 1364 859 1460 igitur
876 1362 922 1434 de
939 1362 1085 1434 Guader
1101 1387 1123 1433 a
1139 1378 1240 1460 parte

176 1477 369 1578 sqm’lonali
383 1481 519 1577 primus
532 1480 651 1577 ignem
664 1480 796 1576 injecit,
813 1494 849 1550 et
861 1479 1004 1550 effrenis
1018 1479 1163 1550 flamma
1175 1502 1241 1575 per

176 1594 304 1669 nubem
316 1598 435 1669 statim
449 1597 594 1686 volavit,
612 1612 647 1669 et
660 1598 782 1669 omnia
797 1596 955 1694 (tempus
966 1596 1065 1667 enim
1077 1596 1240 1666 autumni

176 1710 313 1785 &cnm
342 1712 436 1808 erat)
465 1713 649 1811 corripuit.
676 1717 775 1783 'lunc
803 1711 992 1784 combusta
1019 1726 1071 1782 est
1094 1709 1241 1782 basilica

176 1828 296 1903 &acti
307 1828 497 1901 salvatoris
511 1829 580 1926 (l),
598 1854 707 1926 qnam
719 1828 1006 1902 sanctimoniales
1019 1828 1238 1919 incolebant,

179 1956 219 2015 et
227 1942 379 2015 celebris
396 1944 476 2016 aula
490 1944 651 2042 gloriosae
669 1946 825 2042 Virginis
840 1960 877 2016 et
892 1946 1011 2016 Matris
1028 1945 1162 2034 blariae,
1181 1944 1240 2015 cni

177 2057 305 2156 praesul
325 2074 361 2130 et
383 2058 498 2130 clerus
519 2057 739 2148 serviebant,
765 2058 825 2130 ubi
846 2058 1087 2158 pontificalem
1105 2059 1241 2130 curiam

177 2173 386 2272 parochiani
401 2173 688 2272 frequentabant.
711 2178 783 2246 Rex
797 2190 831 2246 et
845 2175 965 2246 cuncti
982 2176 1173 2273 optimates
1186 2175 1241 2245 sui

177 2288 347 2388 epimpo
373 2313 439 2387 pro
468 2289 696 2361 ecclesiarum
722 2289 973 2362 combustione
993 2290 1241 2362 vadimonium

177 2405 384 2506 appliciter
406 2406 600 2496 dederunt,
629 2422 664 2478 et
689 2406 817 2478 uberes
840 2407 1020 2505 impensas
1042 2405 1089 2478 de
1111 2404 1241 2503 opibus

177 2518 249 2592 su‘u
265 2520 312 2592 ad
327 2523 622 2594 restaurationem
640 2546 763 2594 earum
779 2522 898 2621 palam
915 2522 1201 2622 spoponderunt.

207 2692 210 2697 .
226 2635 403 2708 Providus
422 2661 484 2709 rex
507 2662 589 2709 cum
613 2637 793 2709 Rodberto
810 2637 956 2726 Goello,
976 2653 1016 2709 ut
1031 2637 1241 2735 praedictum

180 2764 250 2840 est,
274 2774 401 2850 pacem
422 2752 569 2842 fecerat,
592 2767 629 2824 et
650 2777 769 2824 arcem
790 2752 836 2824 de
858 2751 973 2824 lbreio
993 2777 1062 2852 pro
1079 2752 1151 2825 fide
1167 2777 1241 2824 ser·

180 2863 298 2939 tanda
320 2867 371 2938 illi
398 2868 643 2956 commiserat,
670 2882 702 2939 et
727 2867 851 2939 fratres
872 2867 948 2963 ejus
970 2892 1039 2967 pro
1062 2867 1242 2963 condigna

181 2983 367 3054 temritate
394 2981 536 3053 obsides
563 2996 757 3079 receperat.
789 2981 958 3054 Radulfus
986 2997 1104 3054 autern
1132 2982 1242 3054 Rufus

180 3095 319 3192 pacifici
334 3100 469 3170 tenoris
485 3099 550 3170 snit
568 3098 663 3169 utilis
680 3122 823 3170 omasus
840 3097 909 3195 (2),
928 3099 1011 3195 quia
1027 3098 1161 3198 praelati
1178 3100 1243 3171 mi·

182 3207 246 3286 lim
263 3226 341 3284 erat
356 3215 533 3304 sororius,
557 3229 726 3312 tantaque
742 3213 1002 3286 necessitudine
1020 3213 1242 3288 confoedera-

181 3340 245 3402 tus.
267 3330 360 3401 Huic
373 3331 543 3403 nimirum
556 3356 630 3422 rex,
646 3346 840 3428 antequam
852 3329 988 3402 Ebroas
1000 3330 1127 3421 adiret,
1143 3355 1242 3404 man·

207 3622 252 3698 (l)
271 3621 407 3697 L'abbaye
423 3623 458 3679 de
479 3625 695 3682 saint-sauveur
713 3625 862 3692 d’Evreux,
883 3625 972 3681 situee
992 3624 1060 3681 dans
1076 3625 1103 3682 le
1118 3627 1242 3702 quartier

170 3710 391 3786 *eptenm'onat
405 3712 449 3767 fut
460 3713 692 3770 necessairement
704 3713 729 3769 la
744 3714 882 3788 premiere
894 3714 974 3786 proie
986 3713 1034 3769 des
1045 3713 1179 3782 flammes,
1193 3714 1242 3789 qni

170 3795 361 3865 n'prrivlrent
372 3802 388 3855 a
399 3800 425 3856 la
436 3801 594 3858 cathedrale
606 3804 735 3876 qn’aprbs
746 3803 822 3856 avoir
833 3801 961 3858 incendic
973 3802 999 3857 la
1009 3801 1072 3858 ville
1084 3803 1152 3858 dans
1165 3812 1242 3858 tonte

170 3896 199 3940 *a
213 3887 344 3962 largeur.

209 3979 254 4049 (Ξ)
273 3975 315 4032 Ce
332 3987 391 4031 nrot
406 3989 447 4033 est
464 3979 519 4033 sort
531 3979 641 4033 obscur.
656 3979 730 4032 Dans
745 3997 794 4033 son
809 3981 951 4053 acception
966 3999 1083 4055 propre,
1100 3979 1119 4035 il
1133 3977 1241 4052 signifie

170 4076 293 4135 utre,
312 4066 463 4137 entraillee,
483 4069 620 4124 intestins.
640 4068 681 4122 lei
697 4079 779 4124 notre
795 4079 895 4124 auteur
912 4069 1052 4142 l‘empioie
1068 4066 1241 4123 visibiement

170 4144 248 4210 lana
262 4153 289 4210 le
304 4173 365 4212 sens
377 4155 629 4225 d’iutermediairo,
646 4158 812 4229 mediatem,
827 4160 1014 4231 negociateur.
