3190 5064
348 416 407 481 408
619 411 801 472 lllSTOlilA
822 410 1126 474 Ecctnstas'rtct.
1206 415 1290 490 [nov.
1309 413 1409 492 1110}

346 544 503 641 lentina
515 541 774 614 examinatione
787 540 884 614 velut
900 540 1014 614 lutum
1031 540 1078 612 de
1095 541 1230 639 tempb
1246 539 1340 612 trahi
1355 540 1407 612 ad

346 681 523 736 cernerem
541 656 723 746 vidissent,
743 657 967 754 nimiumque
981 655 1172 755 perterriti,
1190 655 1278 754 quid
1293 679 1408 754 agan·

346 774 434 848 dum
447 786 538 846 esset
550 773 764 868 ignorarent,
777 771 983 847 dubitanter
991 787 1111 844 utrum
1123 769 1408 845 mouendae

345 912 416 962 sou:
427 887 548 984 latgeno
568 885 757 975 deberent,
780 885 995 963 {uribundus
1015 886 1143 985 praesul
1163 885 1209 959 de
1232 884 1409 958 cathedra

345 1004 505 1092 surrexit,
526 1001 572 1076 de
588 1001 727 1099 synodo
741 1003 901 1080 oonoitus
914 1002 1033 1092 exivit,
1050 1001 1286 1098 satellitesque
1299 1023 1404 1088 suos,

344 1117 496 1216 qnosad
512 1117 583 1190 ltoo
597 1118 695 1216 prius
710 1119 935 1206 instruxerat,
953 1117 1152 1190 advocavit.
1172 1117 1337 1189 Protinus
1352 1115 1407 1194 iffi

344 1257 427 1309 cum
452 1233 601 1308 tuentes
620 1245 656 1306 et
679 1234 787 1306 armis
810 1236 847 1306 in
873 1233 1058 1308 eeclesiam
1080 1234 1277 1319 irruerunt,
1302 1246 1340 1304 et
1364 1233 1406 1304 i·

344 1347 631 1422 oonventiculunt
648 1348 858 1422 elericorum
874 1364 1002 1421 munao
1018 1348 1299 1446 colloquentium
1315 1349 1407 1419 irae·

344 1477 508 1536 verenter
521 1462 624 1536 leura
636 1477 832 1562 ooeperuut.
854 1468 979 1554 Porto,
997 1463 1145 1562 quidem
1160 1462 1318 1551 illorum,
1335 1483 1406 1559 po-

213 1601 214 1604 ’
345 1577 491 1652 datibus
514 1579 587 1651 suis
610 1577 665 1674 (l)
687 1579 820 1668 induti,
846 1603 1095 1678 parotnnosoa
1118 1577 1218 1652 urbia
1236 1575 1406 1650 vinnand

222 1779 223 1782 Ἴ
347 1691 569 1792 hospitiasua
577 1707 829 1784 sucurrerunt3
842 1692 1203 1804 alittermpodiisvel
1211 1689 1403 1789 lapidibus,

346 1831 439 1905 quos
453 1807 504 1879 ibi
520 1807 610 1880 forte
629 1809 855 1898 invenerant,
880 1807 1046 1907 arreptis,
1067 1821 1265 1906 repugnare
1282 1804 1406 1876 conati

347 1937 449 2010 sunt,
472 1938 508 1994 et
527 1923 633 1996 molle
650 1924 852 1996 satellitium
873 1922 920 1996 ad
943 1947 1122 1996 muleram
1141 1945 1253 2018 usque
1269 1919 1407 2017 fugiens

347 2036 446 2110 haud
461 2039 613 2136 segniter
628 2041 807 2138 prosecuti
822 2054 915 2111 sunt.
936 2038 1090 2112 Clientes
1106 2053 1227 2112 autem
1242 2035 1345 2136 quod
1361 2033 1407 2108 alt

345 2155 476 2226 inermi
492 2169 747 2228 coronatorum
759 2155 812 2252 (2)
829 2155 943 2228 choro
962 2155 1117 2255 oonvicti
1133 2153 1303 2251 fugissent
1321 2175 1407 2226 eru·

349 2267 520 2356 buerunt,
540 2285 576 2342 et
593 2269 816 2366 indignantes
834 2293 971 2373 coquos
987 2295 1030 2342 ao
1046 2271 1198 2368 putores
1213 2282 1249 2340 et
1265 2266 1406 2338 vicinos

350 2380 497 2452 asseclas
510 2395 670 2454 actutum
683 2385 895 2475 asciverunt,
915 2399 950 2458 et
962 2384 1159 2456 recidivum
1171 2395 1354 2456 castanon
1370 2382 1406 2452 in

348 2497 456 2568 sacris
470 2510 602 2568 temere
619 2498 857 2596 penetralibus
869 2502 1135 2575 reiteraverunt.
1152 2504 1409 2594 Quoscumque

349 2613 387 2684 in
407 2610 552 2688 ecclesia
568 2611 626 2690 vel
642 2612 818 2686 cimiterio
831 2613 885 2711 (3)
899 2627 1129 2713 repererunt,
1148 2614 1262 2710 justos
1281 2610 1338 2684 vel
1357 2612 1408 2686 in·

346 2727 473 2823 justos,
489 2743 751 2825 percusserunt,
770 2727 827 2801 vel
843 2729 1078 2828 impegerunt,
1093 2725 1152 2801 vel
1164 2728 1235 2802 alio
1248 2725 1409 2826 quolibet

352 2841 463 2914 modo
493 2839 647 2938 injuriati
678 2857 772 2916 sunt.
802 2843 901 2916 Tunc
924 2847 1028 2942 Hugo
1056 2839 1103 2918 de
1125 2842 1351 2942 longavilla,
1375 2852 1409 2912 et

354 2957 587 3034 snschetittus
617 2958 662 3030 de
692 2963 830 3057 Cropus
856 2959 929 3056 (lt),
959 2960 1088 3057 aliique
1117 2957 1283 3036 nonnulli
1308 2979 1409 3030 sones

353 3075 533 3145 maturiet
548 3073 701 3171 religiosi
714 3075 750 3144 in
762 3073 838 3146 tude
852 3089 973 3146 saneta
987 3072 1296 3172 pttestolabsntur,
1314 3084 1352 3142 et
1363 3069 1409 3141 de

353 3187 576 3259 consessione
591 3187 647 3259 vel
661 3187 735 3260 aliis
752 3187 895 3259 utilibus
909 3188 1023 3261 causis
1038 3188 1195 3262 vicissim
1209 3183 1407 3283 loqueban-

354 3314 424 3388 tur,
440 3327 502 3377 seu
518 3299 697 3378 diurnales
710 3301 817 3374 horas
832 3303 878 3374 ad
894 3301 1037 3376 laudem
1055 3303 1121 3376 Dei
1136 3326 1181 3374 ex
1196 3299 1319 3374 debito
1336 3321 1409 3372 mo

354 3414 581 3490 dulabantur.
610 3419 789 3492 Veoondes
817 3435 937 3494 autent
968 3420 1091 3492 famuli
1122 3417 1250 3490 stolide
1280 3417 1319 3488 in
1350 3437 1409 3488 eos

390 3699 428 3772 (t)
448 3697 534 3753 leurs
546 3699 640 3755 tubes.

389 3792 430 3862 (i)
447 3791 497 3844 Lss
508 3791 648 3855 mutum,
665 3790 704 3844 lea
715 3790 959 3864 molesiaetiquee.

389 3881 429 3950 (3)
447 3878 487 3934 Ge
498 3874 641 3932 oimstiete
651 3887 695 3934 att
705 3877 884 3950 aujourd’hui
898 3876 923 3932 lt
938 3876 1016 3951 plane
1027 3875 1228 3932 Nouo-Dante.

390 3968 433 4040 (i)
452 3966 554 4040 lingue
567 3964 603 4021 de
619 3965 971 4037 Losguuttts-ta-Gtffaru
987 3961 1134 4039 Anrqnetil
1146 3961 1183 4018 de
1195 3961 1320 4034 Grotius,
1336 3975 1409 4014 eoro-

355 4071 439 4110 mune
452 4056 467 4109 i
480 4053 552 4110 (leun
563 4053 651 4108 lienes
662 4069 697 4105 au
711 4052 779 4107 midi
791 4053 826 4108 de
839 4051 1024 4127 longaeville.
1037 4051 1174 4108 C'etaient
1185 4048 1258 4104 deux
1271 4043 1321 4102 des
1334 4045 1408 4100 eures

355 4144 463 4218 appoles
475 4163 510 4198 au
522 4143 636 4200 concilo.
