2888 4934
202 109 413 193 {risa-112⁴]
495 114 498 119 ·
547 107 664 170 unm
685 104 925 167 annuemus.
1200 108 1260 168 255

202 249 337 319 trionea
352 246 457 317 vestri
465 242 618 343 quouilte
628 258 842 340 concrepant
851 242 918 340 (i),
933 257 1116 330 recensete,
1131 242 1263 316 atinde

202 365 294 433 vires
306 362 481 449 resunute,
497 363 701 459 nitimurque
713 357 943 430 corroborate.
959 362 1061 432 More
1075 358 1262 433 Gallorum

195 476 504 573 sortitercartatc,
525 492 563 547 et
577 501 684 574 usquc
700 475 751 546 ad
766 477 945 546 victoriam
958 492 1196 573 perseverate,
1216 503 1262 550 nc

204 594 318 689 arpa
340 591 518 663 cantilena
542 591 586 662 dc
608 589 697 662 uobis
720 605 881 661 cantetur
903 592 941 660 in
962 587 1054 660 orbe.
1084 594 1262 663 Hactenus

200 733 269 804 per
296 722 406 778 totctm
429 705 546 778 orbem
574 705 850 778 occidentalium
871 707 1055 802 personuit
1073 705 1261 803 probt'tatir

206 821 284 893 laur
296 821 468 920 gloriosa,
479 820 657 919 famaque
673 825 891 891 Francorum
903 823 1105 919 penetrarit
1116 823 1262 892 Peru'ca

205 962 327 1037 mgna
349 935 531 1008 Vobiscum
548 935 668 1008 claudi
682 961 754 1007 non
763 938 864 1035 piget
878 934 986 1025 nobir,
1003 935 1098 1035 quod
1111 961 1177 1007 reu
1195 942 1265 1008 Ba·

208 1051 269 1124 tad
281 1051 332 1124 acl
346 1053 599 1149 improperium
618 1066 760 1149 reputat
775 1049 875 1121 vobis.-
901 1049 1073 1122 Lt'bentiur
1087 1051 1180 1123 liano
1189 1078 1262 1150 pa·

206 1169 314 1238 timur
343 1165 566 1253 clausurum,
599 1192 704 1266 quam
735 1164 963 1237 daemonicam
993 1192 1071 1237 ccun
1102 1166 1263 1238 tilolatrir

204 1280 385 1354 olnaerrare
400 1282 587 1354 culturam.
607 1285 783 1380 Benignm
797 1283 893 1353 enim
910 1307 1024 1353 mores
1042 1298 1170 1353 vernos
1184 1306 1263 1352 am·

203 1394 403 1491 plectimur,
424 1395 574 1495 fider'que
594 1412 712 1467 vestra
731 1412 766 1466 et
782 1378 945 1493 religioni
958 1395 1258 1494 congratulamur,

205 1529 377 1611 optantes,
396 1516 440 1600 si,
459 1511 815 1608 Din'nitatcfarente‚
836 1511 917 1582 lu'nc
931 1514 1077 1608 sospites
1095 1511 1263 1585 uobucum

206 1627 560 1726 euaderepoterrmus,
571 1626 730 1725 profecto
738 1629 970 1699 sacramentis
983 1627 1263 1700 Christianorum

207 1741 313 1815 imbui
326 1742 530 1815 coelestrlruc.

249 1857 338 1929 Aliae
355 1858 524 1930 nimirum
541 1859 670 1954 reginae
688 1858 781 1931 dicta
803 1859 970 1931 Fatumiae
990 1857 1152 1933 alacriter
1172 1884 1261 1933 con·

205 1984 339 2045 ustarae
349 1988 445 2064 sunt,
459 1988 495 2045 et
506 1973 712 2046 Christianis
725 1973 1003 2071 alienigenarum
1016 1975 1265 2072 hujuscemodi

202 2080 431 2162 hortamenta
451 2088 641 2161 mulierum
660 2089 762 2162 valde
782 2091 1011 2189 placuerunt,
1033 2090 1164 2188 quibus
1185 2093 1265 2163 ani-

195 2203 291 2277 mati
314 2205 440 2276 turrim
463 2204 582 2277 multis
602 2203 728 2278 diebus
750 2219 911 2278 tenentes
933 2207 1147 2278 restiterunt.
1175 2210 1264 2277 Tan·

193 2316 288 2393 dem
307 2319 499 2392 Balduinus
516 2344 577 2391 rex
594 2320 756 2418 poscenti
775 2320 882 2392 Balad
898 2337 933 2393 et
952 2321 1063 2393 multa
1080 2320 1264 2420 pollicenti

189 2429 370 2508 fatiscens
389 2430 588 2531 adquieuit,
611 2449 682 2506 tres
703 2458 831 2507 uxores
851 2459 948 2525 suas,
968 2435 1050 2507 licet
1067 2437 1150 2534 ipsae
1167 2434 1264 2508 aliud

187 2552 356 2641 vellent,
387 2550 562 2640 reddidit,
596 2566 632 2623 et
658 2576 724 2649 per
754 2552 914 2648 quinque
942 2566 1106 2624 strenuos
1136 2551 1265 2623 milites

184 2666 353 2742 remisit.
372 2666 442 2753 Qui
461 2682 500 2739 ut
519 2666 626 2738 Balad
639 2667 813 2763 conjuges
833 2691 914 2738 suas
929 2664 1097 2738 decenter
1113 2665 1265 2740 adorna·

187 2793 250 2857 tas
268 2779 523 2870 exhibuerunt,
539 2781 726 2878 sociosque
744 2780 842 2853 adire
860 2781 897 2851 in
914 2781 1041 2852 turrim
1059 2781 1261 2872 voluerunt,

187 2920 289 2971 mox
308 2920 331 2968 a
347 2911 515 2993 tyranne,
536 2919 610 2967 non
630 2896 707 2968 sine
727 2920 858 2994 magno
877 2920 1031 2968 moerore
1050 2896 1261 2984 multorum,
1283 2986 1286 2993 Ι

188 3012 334 3089 retenti
346 3025 440 3084 sunt.
458 3012 516 3082 Sic
532 3012 704 3083 Guiumar
717 3012 814 3083 Brito
830 3025 865 3083 et
880 3012 1068 3084 Gervasius
1085 3011 1262 3102 Dolensis,

191 3126 408 3201 Radbertus
432 3126 480 3198 de
508 3126 669 3198 Cadomo
695 3141 730 3200 et
755 3126 969 3198 Muschedus
992 3130 1264 3200 Cenomannen·

191 3244 246 3315 ais
279 3256 387 3339 atque
410 3241 545 3313 Rivallo
570 3240 616 3311 de
638 3241 768 3312 Dinam
791 3266 812 3314 a
843 3242 1016 3315 mendace
1039 3242 1147 3314 Balad
1170 3245 1264 3341 capti

190 3371 301 3444 sunt,
313 3371 352 3428 et
363 3355 454 3447 Hali,
468 3355 657 3428 Medorum
670 3357 757 3453 regi,
768 3355 869 3429 dono
882 3357 957 3429 dati
965 3372 1061 3429 sunt.
1074 3357 1136 3430 Ille
1144 3373 1264 3431 autem

236 3665 280 3737 (l)
293 3663 375 3720 Voili
384 3682 486 3721 encore
494 3682 549 3720 une
561 3661 693 3719 ve'ritable
701 3661 809 3718 sultane
820 3662 1085 3739 dapem-comique,
1096 3665 1160 3719 bien
1171 3663 1263 3717 verule

199 3770 239 3807 en
252 3762 337 3807 outre
347 3751 416 3807 dans
427 3753 452 3808 la
466 3754 660 3808 connaissance
672 3751 720 3807 des
732 3751 869 3808 chamum
880 3752 916 3808 de
930 3763 1019 3825 geste,
1032 3763 1061 3808 et
1072 3749 1263 3825 particuliltre-

203 3852 284 3896 ment
295 3840 331 3895 de
345 3841 427 3897 celles
438 3842 487 3915 qui
501 3841 638 3896 ronlaient
649 3858 697 3895 sur
709 3840 734 3895 la
747 3858 848 3913 guerre
859 3840 895 3895 de
908 3842 1004 3896 Tmie.
