2888 4934
207 391 264 452 toa
476 388 660 449 HISTORIA
681 388 986 450 Euctustast'lcu.

204 535 256 594 est
280 521 503 610 inusitatum,
524 544 591 592 nec
614 521 689 593 sine
710 521 807 617 gravi
830 520 964 592 ultione
981 519 1021 591 fit
1038 523 1261 620 expiatum),

203 637 337 734 rigidus
365 661 492 709 censor
518 650 740 725 accusatum,
772 660 839 708 nec
866 649 1077 733 purgatum,
1109 638 1266 734 ingentis

202 754 361 852 pecuniae
376 751 576 824 redditione
590 753 762 842 oneravit,
779 767 814 824 et
830 751 984 850 plurimo
1001 776 1136 849 angore
1151 751 1265 825 tribu-

202 866 314 940 latum
331 867 577 940 moestificavit.
598 866 701 941 Unde
717 867 881 965 praesatus
898 891 1004 964 eques
1022 892 1045 939 a
1061 866 1258 959 Rodbetto,

202 984 333 1056 comite
346 984 393 1056 de
406 984 585 1072 Melicum,
604 983 665 1080 qui
681 985 878 1083 praecipuus
894 998 969 1056 erat
985 984 1078 1055 inter
1093 983 1260 1057 consilia·

201 1099 274 1171 rios
301 1101 412 1196 regis,
445 1098 614 1191 auxilium
644 1100 825 1197 quaesivit,
858 1113 895 1171 et
926 1112 1069 1171 coactns
1097 1098 1264 1197 plurimis

202 1216 454 1307 anxietatibus,
474 1215 590 1288 tutelae
605 1215 696 1286 illius
713 1240 751 1287 se
768 1216 956 1287 commisit.
978 1215 1157 1313 Imprimis
1177 1238 1260 1314 cru·

102 1352 104 1357 ⁴
200 1331 369 1434 besoebat
384 1332 612 1430 improperia,
632 1355 709 1427 qnae
720 1329 788 1401 sibi
805 1328 938 1402 fiebant
953 1329 1138 1420 derisoria,
1157 1328 1260 1427 quod

201 1445 429 1519 funambulus
445 1471 510 1546 per
526 1470 670 1519 murum
687 1447 817 1517 exierat
835 1444 881 1518 de
898 1443 1102 1535 Antiochia3
1128 1443 1263 1517 deinde

201 1562 431 1635 meticulosus
448 1587 532 1634 cum
550 1561 669 1632 multo.
679 1561 835 1657 cogitatu
848 1585 969 1633 secum
986 1559 1265 1658 volvebatquod

200 1679 257 1749 vix
273 1692 335 1750 aut
352 1702 537 1775 nunquam
560 1692 784 1776 recuperaret
804 1677 993 1748 amicitiam
1015 1677 1124 1772 regis,
1149 1700 1261 1774 quun

200 1793 415 1891 perdiderat.
442 1798 669 1891 Quapropter
693 1792 819 1865 iterare
846 1791 1169 1893 peregrinationem
1192 1791 1262 1865 de·

201 1910 322 1981 crevit.
342 1914 489 1979 Pactum
512 1908 618 2009 igitur
640 1908 768 1980 initum
789 1922 858 1996 est,
880 1922 920 1979 ut
941 1905 1067 1980 consul
1088 1905 1261 1980 eumdem

200 2046 282 2094 cunr
297 2047 380 2119 rege
397 2024 608 2121 pacificaret,
629 2025 731 2120 eique
743 2025 955 2121 quingentos
967 2022 1104 2120 argenti
1118 2044 1263 2096 marcos

199 2137 246 2210 ad
274 2138 472 2215 ineundum
501 2141 568 2212 iter
601 2155 779 2238 erogaret,
812 2154 994 2236 totamque
1024 2152 1156 2210 tanam
1183 2162 1265 2237 ejus

198 2276 312 2350 usquc
334 2253 380 2325 ad
400 2280 446 2324 xv
468 2280 582 2328 annos
602 2256 639 2327 in
661 2254 866 2327 vadimonio
888 2253 1103 2353 possideret3
1129 2251 1262 2351 quibus

199 2367 345 2458 exactis,
366 2369 485 2459 lvoni,
503 2394 631 2477 puero,
651 2368 759 2442 filiam
774 2370 934 2458 Henrici,
950 2369 1090 2441 comitis
1102 2367 1149 2439 de
1161 2371 1261 2443 Gua-

197 2481 330 2573 revico‚
349 2481 465 2556 fratris
482 2486 550 2575 sui,
569 2486 758 2583 conjugem
775 2484 888 2575 daret,
909 2482 1300 2594 etpaternam-hereyq

198 2596 345 2669 ditatem
361 2599 572 2673 restitueret.
590 2604 667 2673 Hoc
681 2615 824 2699 pactum
838 2624 921 2671 curn
935 2611 1159 2671 sacramento
1173 2620 1262 2671 con·

197 2712 377 2786 firmatum
398 2731 468 2805 est,
490 2731 525 2788 et
545 2716 653 2812 regali
674 2717 903 2788 concessione
923 2712 1259 2813 praemunitumeet.

197 2833 259 2904 lvo
272 2855 355 2902 curn
369 2855 479 2903 uxore
493 2856 558 2904 sua
571 2857 717 2932 peregre
731 2832 910 2931 profectus
926 2842 990 2919 est,
1009 2843 1046 2900 et
1061 2829 1192 2927 inipso
1207 2827 1262 2901 iti·

197 2968 282 3015 nere
295 2944 483 3017 defunctus
494 2961 559 3036 est,
576 2960 611 3018 et
622 2946 798 3018 hereditas
811 2946 886 3041 ejus
900 2944 1022 3016 alienis
1035 2941 1179 3014 subdita
1190 2957 1260 3015 est.

246 3057 338 3128 Urbs
361 3062 597 3157 [egrecestria
617 3076 773 3158 quatuor
795 3060 962 3132 dominos
981 3057 1155 3130 habuerat
1174 3082 1184 3127 t
1203 3080 1262 3130 re·

197 3331 414 3389 Grentemesuii.
426 3335 460 3390 Sa
476 3337 659 3408 prediiection
673 3356 745 3411 pour
760 3336 787 3391 le
800 3336 856 3391 duc
872 3335 994 3402 lichen,
1008 3335 1077 3390 dont
1087 3333 1111 3389 il
1120 3335 1190 3390 etait
1200 3333 1261 3390 l’nn

190 3420 240 3476 des
258 3423 380 3476 mauvais
399 3423 571 3492 conseiller,
589 3438 618 3481 et
635 3446 686 3482 son
699 3427 823 3482 aversion
844 3445 916 3500 pour
933 3425 972 3481 les
988 3425 1061 3481 deux
1073 3425 1162 3480 freres
1177 3424 1214 3480 de
1228 3442 1261 3480 ce

190 3508 288 3579 prince
299 3506 422 3565 dataient
433 3509 468 3565 de
480 3510 548 3566 loin.
565 3513 658 3583 Voyez
671 3513 819 3580 ci-dessus,
833 3524 854 3568 t.
865 3514 906 3579 ΙΙ,
920 3533 947 3586 p.
956 3515 1021 3570 296.
1036 3511 1060 3566 11
1072 3512 1144 3566 avait
1155 3513 1262 3585 eponae

188 3598 216 3652 la
228 3597 283 3652 sriie
294 3597 329 3654 de
338 3599 451 3654 Giibert
460 3598 496 3655 de
507 3600 605 3669 Gand,
618 3612 806 3658 restaurateur
816 3602 850 3656 de
860 3602 983 3674 l'abbaye
994 3602 1029 3658 de
1040 3600 1178 3672 Barducy‚
1189 3600 1265 3656 dans

188 3687 215 3742 ie
228 3685 435 3755 Lincolushire,
453 3699 481 3742 et
493 3688 573 3744 oncle
585 3688 620 3744 de
633 3689 658 3744 ia
670 3692 748 3746 reiue
761 3689 908 3745 Mathiide.
926 3691 1019 3762 Voyez
1032 3690 1112 3744 Mon.
1127 3690 1260 3769 Argiue„

189 3786 210 3829 t.
227 3775 253 3843 1,
269 3794 296 3847 p.
310 3776 371 3832 tta.
386 3775 494 3849 Maigre'
506 3776 545 3832 ies
559 3777 752 3833 reclamations
766 3779 801 3834 de
814 3797 863 3834 son
876 3778 918 3833 fils
932 3779 979 3833 lve
991 3779 1033 3847 11,
1047 3796 1089 3834 ees
1101 3772 1264 3851 proprisit&

189 3861 384 3936 d'Angieterre
397 3865 535 3919 resterent
546 3863 615 3919 dans
633 3864 672 3919 ies
688 3868 777 3922 mains
790 3884 900 3941 rapaces
914 3866 952 3921 du
966 3878 1057 3922 comte
1075 3867 1111 3920 de
1128 3865 1261 3938 Meuiun²

188 3950 258 4005 dont
271 3951 297 4006 ie
309 3951 455 4026 petit-fils,
474 3952 582 4008 Robert
593 3953 637 4025 ΙΙ,
657 3966 750 4010 comte
767 3957 802 4011 de
820 3957 966 4024 Leicester,
986 3954 1125 4011 recueiiiit
1141 3954 1167 4010 ie
1184 3964 1261 4010 reste

189 4039 223 4093 de
236 4040 391 4098 l’immense
403 4043 572 4116 patrimoine
581 4043 630 4098 des
642 4043 865 4113 Grentemesnil,
880 4063 930 4118 par
943 4046 1014 4100 suite
1024 4044 1060 4100 do
1071 4062 1120 4099 son
1134 4042 1263 4115 mariage

188 4149 249 4185 aroc
264 4133 414 4190 Petroniilc
428 4134 463 4190 de
474 4133 698 4204 Grcntemesnii‚
714 4135 768 4189 iilic
781 4134 815 4189 dc
830 4144 873 4188 cet
886 4135 980 4188 lucil.
