2888 4934
194 413 232 471 44
465 406 650 468 44440444
673 409 980 473 4444444444(
1042 417 1249 497 [noer-1200]

190 561 319 610 omnes
330 562 432 635 gazas
443 538 672 630 invadebant,
685 542 911 640 triennioque
920 568 982 615 seu
996 543 1076 643 plus
1088 544 1247 620 dominio

192 653 284 750 regis
299 655 451 726 omnino
469 654 732 754 mancipabant.
752 659 810 730 Sic
827 659 1009 751 nimirum,
1028 685 1096 758 pro
1110 665 1246 762 cupidi-

192 782 264 841 tate
289 769 496 842 reddituum
522 772 585 867 qui
609 773 700 869 regis
726 774 762 843 in
792 775 915 846 aerario
946 776 1242 866 recondebantur,

190 882 354 956 Ecclesia
368 884 554 975 vacabant,
568 889 844 986 necessariisque
859 907 1020 964 carentes
1033 892 1244 990 pastoribus,

191 1001 386 1073 Dominiue
403 1027 489 1073 oves
504 1001 636 1102 lupinis
651 1003 829 1076 morsibus
841 1006 1024 1104 patebant.

240 1118 377 1190 Eodem
402 1134 563 1216 tempore
589 1120 809 1193 venerabiles
831 1123 990 1223 episcopi
1013 1152 1021 1193 4
1042 1127 1247 1198 Osmundus

189 1231 462 1305 salesburiensis
491 1248 528 1306 et
555 1234 799 1308 Gualchilinus
823 1240 1119 1330 Guentoniensis‚
1148 1241 1246 1312 Guil-

189 1345 317 1422 lelmus
348 1348 598 1422 Dunolmensis
636 1366 672 1423 et
704 1354 880 1451 Remigius
908 1352 1138 1428 Lincoliensis
1167 1358 1179 1452 (
1206 1357 1244 1452 ),

188 1463 319 1563 aliique
333 1464 453 1564 plures
470 1466 658 1538 reverendi
669 1468 856 1564 pontifices
868 1468 1027 1542 delirncti
1037 1485 1140 1560 sunt;
1155 1495 1246 1567 quo·

188 1605 270 1653 rum
298 1580 430 1652 lundos
456 1596 497 1653 et*
507 1606 617 1653 omne
633 1583 818 1681 peculium
842 1583 1090 1675 Flambardus,
1109 1601 1145 1658 et
1162 1586 1248 1657 Ful-

190 1697 333 1771 cberius
348 1697 456 1770 frater
472 1698 548 1796 ejus
567 1700 633 1796 (2),
657 1700 786 1797 aliique
804 1700 950 1773 clientes
965 1703 1056 1799 regis
1075 1702 1136 1773 diu
1154 1704 1247 1773 nacti

190 1829 286 1887 sunt.
299 1815 356 1887 Sic
367 1817 474 1887 etiarn
489 1815 659 1888 defuncto
673 1816 846 1889 Balduino
857 1818 925 1915 (3),
936 1818 1064 1890 abbate
1073 1819 1182 1889 sancti
1196 1842 1250 1889 re·

188 1929 243 2027 gis
259 1944 295 2001 et
309 1931 473 2027 martyris
486 1931 680 2020 Edmundi,
702 1948 738 2004 et
752 1934 918 2007 Simeone
938 1934 1083 2025 Eliensi,
1103 1933 1249 2033 aliisque

224 2201 263 2271 (4)
282 2198 425 2270 0444444,
438 2202 544 2277 e'veque
556 2201 591 2257 de
602 2201 754 2274 Salisbury‚
768 2211 843 2256 mort
856 2201 882 2256 le
894 2205 910 2256 3
924 2202 1073 2257 decembre
1086 2207 1097 2258 4
1102 2205 1165 2258 099.

224 2291 402 2360 Guillaume,
419 2294 524 2368 eritque
536 2293 571 2348 de
583 2291 710 2347 Durbam
722 2294 750 2362 (2
759 2292 868 2363 janvier
882 2294 972 2363 4096).
985 2292 1025 2348 Ce
1035 2291 1124 2366 prelat
1135 2300 1215 2363 requt
1224 2290 1251 2346 le

189 2397 304 2436 4444044
319 2381 354 2437 (44
368 2381 569 2451 Salat-Calais,
585 2398 667 2455 parce
682 2379 751 2454 qn'il
767 2380 838 2436 avait
849 2383 894 2436 444
907 2381 1000 2434 moine
1013 2379 1049 2433 de
1061 2389 1133 2434 cette
1145 2379 1251 2453 abbaye

188 2479 270 2524 44444
282 2467 416 2525 d'arriver
426 2489 480 2524 aux
492 2470 632 2525 fonctions
642 2466 741 2524 d'abbe
754 2468 790 2523 de
801 2467 1173 2534 Salat-Vincent-du-Mans,
1188 2469 1252 2540 puis

188 2555 321 2632 d'drdque
333 2556 368 2613 de
386 2559 525 2614 Dnrbam.
538 2555 645 2629 Appele
661 2559 676 2611 4
693 2572 725 2611 ce
739 2557 815 2629 sie'ge
831 2575 882 2629 par
897 2555 1249 2628 Gutttaume-te-c0nque-

188 2656 253 2703 rant
264 2646 290 2701 le
303 2650 319 2703 9
332 2646 481 2702 novembre
495 2649 581 2712 4040,
594 2644 615 2698 44
631 2643 675 2699 444
686 2647 762 2699 sacre
774 2648 790 2698 4
800 2644 969 2699 Glonceoter
980 2642 1007 2698 le
1018 2647 1034 2699 ³
1045 2644 1151 2716 jaurier
1163 2647 1229 2699 4084
1241 2665 1249 2706 ;

189 2738 251 2808 puis
267 2738 330 2791 cree'
352 2733 440 2808 grand
454 2733 585 2806 justicier
604 2732 799 2807 d’Angleterre
818 2741 847 2786 et
866 2730 975 2786 comble
993 2731 1029 2786 de
1048 2731 1177 2786 4444444444
1200 2749 1250 2804 par

189 2823 503 2889 6444444444-44-44444,
517 2821 586 2896 qu’il
600 2821 663 2876 n'eu
676 2820 764 2875 trabit
778 2838 827 2894 pas
839 2821 939 2885 moint,
953 2838 1026 2892 pour
1035 2830 1132 2874 entoer
1143 2819 1212 2873 (4444
1224 2817 1250 2872 44

188 2915 365 2986 conjuration
377 2913 413 2970 de
425 2914 547 2989 l’erdque
560 2912 595 2968 de
610 2913 723 2979 llaieux,
738 2915 753 2965 4
764 2911 792 2965 44
803 2910 876 2965 suite
888 2909 924 2964 de
936 2909 1059 2983 laquelle
1069 2909 1090 2965 il
1101 2929 1130 2966 se
1141 2911 1249 2983 refugia

187 3023 225 3060 44
236 3003 423 3071 1444444444,
437 3007 519 3073 mais,
534 3003 583 3059 (444
594 3002 620 3059 le
636 3003 707 3058 mois
723 3000 759 3056 de
772 2999 929 3073 septembre
944 3004 1023 3066 4094,
1034 2999 1196 3057 0444444444
1210 2999 1249 3054 444

189 3092 285 3149 rendit
295 3109 345 3147 444
357 3093 469 3160 ericho,
485 3094 610 3167 pendant
619 3091 687 3167 qu’il
697 3110 726 3147 44
734 3091 855 3146 trouvait
867 3093 882 3144 4
894 3090 1022 3146 Durham
1032 3094 1048 3144 4
1059 3090 1205 3145 l'occasion
1214 3089 1250 3145 de

189 3182 215 3239 la
230 3199 331 3256 guerre
344 3199 408 3236 avec
422 3180 448 3235 le
459 3182 501 3237 roi
513 3170 651 3239 d'Ecosee.
666 3184 703 3237 le
715 3190 811 3236 retour
823 3179 863 3233 du
875 3178 965 3252 prdlat
979 3198 1014 3234 en
1026 3176 1194 3251 Angleterre
1206 3179 1250 3234 444

189 3271 299 3327 4444444
311 3274 325 3325 4
338 3270 362 3324 44
377 3271 438 3343 paix
450 3268 487 3324 de
498 3257 626 3343 l'liglise3
639 3289 686 3325 (44
697 3269 717 3325 44
729 3288 764 3324 44
776 3286 850 3323 cessa
860 3267 1049 3323 d'cnrenimer
1060 3267 1100 3320 444
1112 3265 1249 3339 querelles

189 3357 312 3414 4444444
332 3375 485 3432 monarque
502 3366 531 3411 et
551 3357 624 3412 44444
641 3355 786 3423 44444444,
808 3354 878 3409 (4444
896 3354 1063 3428 l'espdrauce
1082 3351 1117 3406 de
1138 3362 1250 3408 monter

191 3447 312 3523 quelque
319 3449 395 3520 jour.
410 3447 462 3501 444
475 3445 552 3518 place
565 3445 600 3500 de
612 3445 742 3516 celui-ci,
756 3464 804 3501 444
815 3444 841 3500 44
855 3446 931 3519 siege
943 3440 1171 3517 archiepiscopari.

225 3537 322 3602 Remi,
337 3537 441 3609 oreque
452 3534 487 3589 de
501 3533 615 3589 Lincoln
625 3535 811 3603 (40744094).

225 3624 395 3695 4444444444,
407 3625 511 3697 aveque
523 3623 559 3678 de
570 3623 751 3677 Wincbester
761 3624 946 3692 (40744098).

225 3716 265 3786 (2)
285 3715 362 3769 Nous
380 3732 484 3768 aurona
501 3712 564 3786 plus
580 3712 638 3766 loin
657 3713 785 3766 occasion
802 3711 837 3766 de
855 3691 999 3765 4444444444
1017 3725 1063 3762 ces
1079 3705 1153 3761 deur
1167 3706 1250 3760 44444-

191 3804 294 3871 4444444,
311 3815 340 3858 44
354 3804 389 3858 de
402 3799 523 3874 signaler
539 3812 602 3856 tous
614 3800 654 3854 les
668 3799 830 3873 dommages
841 3808 870 3853 et
883 3797 923 3852 444
937 3795 1078 3850 scandales
1090 3793 1172 3867 qn'ils
1185 3809 1251 3846 cau·

192 3893 283 3945 serent
296 3894 311 3945 4
322 3889 427 3963 l'eglise
438 3890 473 3944 de
489 3890 615 3954 Lisieux‚
627 3890 707 3961 apres
718 3887 780 3941 leur
792 3886 934 3960 expulsiou
945 3882 1149 3956 d’Angtererre.

227 3983 266 4054 (3)
285 3981 444 4048 Baudouin,
459 3980 529 4036 abbe
541 3980 576 4034 de
587 3978 932 4050 Saint-Edmund's-Bury.
946 3976 986 4032 Ce
998 3991 1179 4047 personnage‚
1193 3974 1251 4026 ori-

194 4070 379 4144 ginairement
396 4070 489 4124 moine
503 4067 538 4121 de
552 4068 577 4120 44
590 4066 683 4140 royale
696 4067 799 4139 abbaye
815 4066 850 4122 dc
867 4061 1057 4128 saint-uenis,
1072 4078 1107 4112 44
1123 4060 1196 4115 avait
1207 4064 1251 4115 etr

194 4164 247 4217 4444
257 4161 306 4217 dos
318 4165 398 4232 40644,
413 4172 442 4217 44
454 4179 503 4233 par
513 4161 683 4233 consequent
695 4159 931 4215 auterieurement
944 4157 960 4208 4
972 4151 999 4206 la
1011 4151 1164 4224 conquete,
1179 4169 1251 4223 pour
