2888 4934
188 410 394 491 [noo-1104]
556 407 673 470 moon
695 409 878 470 noctuas.
1183 412 1241 470 1⁵⁷

186 569 247 618 aro
265 541 699 640 baptipmoteyregenerato
714 556 781 631 est,
803 556 1014 641 opportuno·
1026 557 1187 639 tempore
1204 544 1239 612 in

187 638 593 848 conventivo'matum
615 657 843 730 Buamundus
860 682 940 730 eam
955 659 1005 729 sic
1019 658 1144 729 affatus
1161 673 1224 730 est:

188 777 325 852 Nobilir
345 800 454 874 vrgo,
477 799 552 872 quoe
574 773 672 845 nobie
691 773 804 844 adhue
825 779 974 873 Pagana
995 799 1041 843 ea
1065 775 1242 868 insperato

187 897 277 964 mire
289 890 491 976 subvertuu,
512 914 588 988 quoe
601 893 792 960 Dominum
807 896 927 961 Iesum
942 892 1041 960 omni
1049 889 1243 985 parentela

189 1024 253 1079 πω
273 1003 472 1104 prudenter
490 1007 731 1103 proposuisti,
768 1021 803 1075 et
831 1009 944 1103 ipsum
972 1008 1011 1076 in
1039 1003 1151 1090 nobie,
1183 1008 1245 1102 qui

188 1118 344 1192 numbra
357 1134 396 1189 et
404 1117 546 1214 samnii
566 1119 645 1217 ejus
668 1144 804 1209 sumus,
832 1117 1025 1218 benigniter
1048 1118 1182 1208 fovisti,
1210 1135 1245 1188 et

188 1235 268 1307 t'nde
292 1237 413 1333 patris
446 1236 539 1305 iram
567 1258 659 1331 pene
692 1259 797 1328 arque
828 1239 867 1306 in
896 1234 1092 1332 periculum
1122 1236 1244 1304 mortis

188 1352 386 1436 incurristi,
416 1348 504 1448 elige
525 1347 568 1419 de
593 1347 690 1419 nobie
710 1374 876 1446 sponsum
901 1374 1003 1448 quem
1033 1349 1180 1419 volueris
1206 1351 1241 1417 in

189 1466 331 1536 nomirte
354 1464 496 1536 Chrieti.
524 1470 607 1536 Non
629 1467 724 1535 enim
747 1482 879 1536 rectum
898 1481 952 1536 est
974 1481 1015 1534 ut
1025 1464 1135 1561 juitir
1151 1467 1244 1560 peti-

189 1578 338 1650 tionibus
360 1583 429 1649 tuis
450 1579 673 1677 aliquatenus
692 1581 909 1664 resismmus,
936 1581 994 1650 oui
1016 1579 1240 1663 veliementer,

189 1695 324 1763 meritir
340 1695 407 1764 ttu's
418 1692 703 1790 praecedentibus,
723 1693 893 1765 debitores
908 1719 1041 1764 sumus.
1062 1698 1106 1762 In
1115 1695 1245 1789 primic

190 1833 303 1880 meum
322 1833 416 1879 nuno
431 1807 518 1879 audi
534 1808 735 1894 oonsilium,
760 1807 855 1907 quod
872 1807 947 1894 tibi,
976 1807 1086 1878 duleis
1108 1811 1240 1893 amica,

189 1949 289 2023 rpero
305 1925 518 2021 proficuum.
544 1925 637 1996 Mihi
656 1923 811 2022 quidem,
826 1923 962 2020 fateor,
983 1950 1007 1994 a
1023 1939 1080 1994 tuo
1100 1923 1185 1994 data
1209 1949 1245 1994 es

188 2043 363 2138 genitore;
383 2038 448 2110 sed
469 2055 550 2136 opto
574 2039 637 2110 tibi
656 2039 776 2111 utilius
793 2039 994 2137 prouidere,
1019 2055 1056 2110 et
1076 2038 1246 2110 subtiliter

189 2153 275 2225 audi
284 2178 355 2251 pro
373 2179 443 2253 qua
462 2158 609 2225 ratione.
629 2153 685 2226 Ab
700 2153 935 2226 adolescentia
948 2181 1025 2225 mea
1040 2158 1247 2251 irrequietw

190 2269 290 2341 homo
308 2295 406 2356 sum,
431 2286 466 2340 et
486 2273 524 2340 in
547 2269 718 2343 laboribus
738 2273 866 2357 vivens,
889 2270 1001 2341 multa
1018 2263 1142 2368 grauia
1161 2294 1245 2367 per-

185 2410 409 2481 posueram,
423 2390 589 2484 graviora
598 2386 853 2485 quoqueadliuo
863 2390 966 2460 timeo
976 2412 1032 2457 me
1039 2411 1243 2482 passurum.

191 2506 288 2573 Nam
306 2500 394 2570 mt'hi
408 2517 585 2572 certamen
601 2517 653 2572 est
674 2527 753 2573 oum
774 2506 993 2600 Imperatore
1015 2518 1052 2572 et
1073 2527 1152 2572 oum
1174 2507 1246 2571 Pa-

188 2619 292 2714 gonii
322 2615 486 2715 unriique.
519 2624 698 2690 Praeterea
728 2635 842 2690 votum
868 2622 941 2690 vovi
968 2622 1135 2703 Domino,
1169 2641 1246 2686 oum

191 2757 300 2803 asem
316 2735 517 2819 incarcere,
534 2732 672 2831 quodsi
684 2731 853 2805 liberarer
863 2731 907 2803 ab
921 2736 950 2802 E
952 2733 1146 2803 tiznt'oorum
1159 2730 1247 2826 liga·

192 2849 296 2933 mine,
313 2848 402 2916 irem
412 2845 463 2915 ad
473 2851 642 2918 Sanctum
655 2847 888 2934 leonardum,
906 2850 969 2944 qui
979 2863 1032 2917 est
1041 2847 1078 2915 in
1087 2842 1249 2940 partibus

192 2961 473 3057 Aquitaniae-(i).
495 2966 572 3032 Has
587 2967 826 3035 excusationes
842 2964 942 3035 elicio
964 2961 1026 3034 tibi
1043 2987 1088 3032 eu
1110 2966 1249 3032 sincera

193 3072 390 3160 dilectione,
412 3078 495 3172 quia
518 3076 599 3146 uolo
619 3092 651 3147 te
661 3079 746 3175 plus
762 3104 869 3176 quam
878 3078 1002 3170 filiam
1022 3077 1076 3147 uel
1092 3102 1248 3148 sororem

193 3212 306 3260 meam
331 3188 482 3287 quolibet
509 3190 610 3261 modo
633 3191 826 3264 desolatam
852 3191 982 3277 videre,
1012 3216 1074 3262 nee
1096 3191 1253 3289 conjugii

193 3303 353 3401 copulam
373 3307 480 3388 inire,
507 3303 597 3374 unde
614 3307 725 3403 paulo
736 3324 821 3404 post
830 3309 1002 3404 poeniteat
1021 3323 1064 3376 te.
1088 3310 1174 3394 Quae
1194 3305 1250 3374 lte-

196 3425 286 3509 titia,
312 3449 373 3493 seu
397 3421 579 3494 delectatio
605 3423 667 3494 tibi
691 3439 780 3494 esset
801 3425 839 3493 in
865 3437 988 3493 nostra
1012 3417 1247 3518 copulatione,

196 3535 278 3608 dum
301 3541 422 3608 statim
439 3555 521 3634 post
546 3545 688 3636 nuptias
708 3554 868 3635 oporteat
893 3565 948 3608 me
964 3564 1032 3634 per·
1050 3537 1197 3634 pelagus
1218 3553 1252 3605 et

196 3676 278 3721 arva
299 3656 506 3722 immensum
528 3656 595 3722 iter
615 3656 722 3737 inire,
747 3669 782 3724 et
799 3657 836 3723 in
860 3653 1087 3750 longinquam
1105 3676 1252 3748 peregre

193 3768 371 3860 proficuoi
395 3769 589 3864 regionem,
611 3793 725 3864 prope
739 3768 838 3858 fines
862 3769 987 3836 terra?
1011 3769 1077 3836 His
1100 3768 1149 3836 ita
1169 3789 1251 3860 per-

232 4050 270 4113 (t)
282 4047 502 4102 saint-Monard
516 4067 550 4102 on
566 4049 715 4101 Limousin.
738 4048 814 4103 Nous
827 4066 861 4102 en
880 4047 1054 4120 roparlcrons
1072 4042 1177 4098 biontot
1188 4061 1251 4095 avec

201 4130 257 4202 plus
269 4133 304 4188 de
316 4133 410 4190 detail.
