2888 4934
183 378 280 455 [aen.
302 377 392 456 1119]
518 376 635 438 sinna
658 377 925 439 nuonncmus.
1181 382 1240 445 aar

183 507 307 582 Galliae
328 521 365 579 et
384 505 574 599 Flandriae‚
600 525 639 581 ut
660 512 787 583 amissa
811 510 1000 583 Eustochio
1024 511 1241 601 restitueret,

183 623 357 722 aliosque,
373 624 435 721 qui
449 648 516 722 pro
529 624 719 698 Guillelmo
734 625 836 699 exule
848 628 980 725 pariter
990 624 1191 716 exulabant,
1207 629 1242 700 in

183 739 353 837 pristinos
366 738 524 811 honores
541 756 735 812 revocaret.
756 740 926 813 Radulsus
942 755 1063 812 autem
1080 742 1175 813 Brito
1190 741 1245 837 (l)

183 877 269 928 cum
292 855 419 925 turmis
444 855 517 926 suis
541 856 709 928 audacter
734 854 802 928 illis
828 855 971 929 obviam
996 858 1184 955 processit,
1210 870 1244 928 et

183 967 321 1043 fortiter
340 970 535 1067 pugnando
559 971 639 1043 illos
662 973 817 1070 excepit,
843 988 879 1044 et
896 972 1037 1062 lancea,
1057 970 1245 1069 gladioque

184 1081 284 1155 diros
302 1084 393 1155 ictus
409 1084 530 1157 dando
547 1084 709 1158 luctuosa
724 1086 792 1157 illis
810 1087 941 1159 damna
960 1086 1091 1158 intulit.
1111 1089 1246 1159 Omnes

184 1223 331 1297 quoque
346 1199 451 1271 castri
470 1214 592 1298 portas
611 1201 740 1298 aperiri
756 1202 940 1300 praecepit,
962 1201 1025 1273 sed
1043 1200 1246 1299 patentibus

181 1313 429 1411 iannisnullus
441 1315 669 1387 inimicorum
679 1316 817 1413 ingredi
827 1317 1063 1415 praesumpsit,
1075 1317 1246 1413 quoniam

185 1427 278 1501 mira
298 1430 351 1502 vis
377 1428 595 1502 obstantium
620 1429 808 1504 efficaciter
834 1456 897 1503 eos
924 1430 1065 1529 repulit.
1096 1430 1149 1503 Ad
1175 1448 1246 1506 tres

185 1558 308 1643 portas
320 1559 421 1617 atrox
432 1545 620 1618 conflictus
633 1545 816 1642 agebatur,
835 1561 870 1619 et
886 1571 1067 1645 pugnaces
1079 1549 1247 1644 agonistae

185 1656 389 1756 frequenter
406 1663 572 1759 utrinque
591 1661 858 1758 dejiciebantur.

235 1776 309 1846 Rex
327 1775 535 1872 rlnglorum,
555 1791 595 1847 ut
610 1776 808 1848 redivivum
823 1778 859 1847 in
877 1777 1075 1847 Neustriam
1091 1776 1246 1850 reditum

185 1890 405 1962 Francorum
431 1893 595 1988 agnovit,
624 1890 835 1982 Ricardum,
866 1890 979 1962 filium
1008 1917 1135 1984 suum,
1163 1918 1247 1965 cum

185 2030 230 2081 oc
244 2006 416 2080 militibus
438 2008 589 2081 Radulso
608 2008 655 2081 de
671 2007 816 2081 Gnader
835 2010 1015 2107 suppetias
1033 2008 1145 2096 misit,
1166 2009 1246 2105 qui·

184 2119 254 2195 bus
268 2122 459 2196 ttadulsum
473 2123 603 2196 Rufum
616 2123 670 2221 (2)
685 2139 721 2196 et
732 2123 934 2196 Rualodum
946 2123 992 2195 de
1005 2122 1164 2196 Abrincis
1177 2121 1244 2218 (3),

185 2236 340 2312 audaces
360 2253 396 2312 et
417 2240 612 2312 industrios
633 2255 818 2331 stratores,
846 2240 1041 2312 constituit.
1068 2238 1248 2310 Acerrime

185 2352 362 2452 siquidem
391 2355 680 2428 concertantibus
708 2354 834 2453 regalis
863 2354 995 2427 familia
1024 2353 1245 2453 supervenit;

185 2492 258 2567 qun
274 2470 361 2560 risa,
380 2470 564 2545 Gallorum
583 2474 693 2544 virtus
705 2471 779 2568 jam
797 2470 940 2569 fatigata
956 2469 1108 2543 deiicere
1125 2468 1244 2566 coepit.

185 2583 335 2682 Insignis
356 2585 526 2658 ltadulsus
542 2586 588 2657 de
606 2601 710 2684 porta
728 2587 774 2659 ad
792 2601 932 2685 portam
950 2582 1191 2670 discurrebat,
1213 2596 1249 2652 et

185 2720 286 2772 uma
296 2725 401 2800 saepe,
417 2725 465 2773 ne
479 2716 767 2798 cognosceretur,
783 2700 954 2772 mutabat.
973 2699 1096 2770 Plures
1108 2695 1249 2796 praecla-

185 2952 332 3011 &mont
348 2954 457 3027 (Oise).
471 2985 508 2999 -
520 2955 568 3011 On
585 2971 764 3028 remarquera
782 2952 851 3027 qu’il
868 2971 903 3007 ne
920 2970 949 3007 se
964 2962 1061 3007 trouve
1078 2951 1113 3005 ici
1128 2967 1184 3024 que
1199 2947 1247 3002 des

185 3047 271 3122 njeu
293 3049 452 3106 immediata
478 3051 515 3106 dn
541 3052 601 3119 roi,
624 3068 662 3105 ou
686 3050 735 3106 des
758 3047 905 3105 Flamands
927 3048 1005 3104 allide
1028 3048 1063 3103 de
1085 3044 1250 3104 Guillanme

184 3136 291 3197 Cliton.

221 3227 261 3301 (4)
280 3227 371 3283 Raoul
385 3227 420 3284 de
435 3227 559 3296 Gnader,
575 3230 688 3282 nomme
703 3227 739 3283 ici
760 3224 1024 3290 Raoul·le·Breton,
1038 3238 1147 3276 comme
1158 3221 1247 3293 origi-

184 3315 264 3371 mire
274 3314 310 3371 de
323 3315 392 3372 Gael
407 3334 444 3370 ou
455 3315 570 3370 Guader
581 3334 616 3370 en
629 3316 777 3388 bretagne.

219 3402 260 3476 (2)
277 3403 515 3473 Raoul-le-Roux,
528 3405 661 3478 seigneur
673 3404 709 3459 de
722 3401 959 3458 Pom-Echanlre.

215 3491 256 3562 (3)
272 3491 313 3547 ee
325 3510 508 3565 personnage,
523 3492 565 3547 fils
577 3492 613 3547 de
625 3491 788 3548 Guillaume
799 3488 999 3555 d’Avranches,
1014 3488 1120 3562 aequit,
1135 3503 1185 3559 par
1197 3501 1247 3538 son

184 3578 309 3652 mariage
326 3597 390 3633 avec
407 3578 545 3634 Mathilde
561 3578 596 3634 de
615 3577 793 3645 Munderille,
811 3577 838 3632 la
855 3575 991 3630 baronnie
1011 3572 1046 3628 de
1065 3572 1245 3637 Follsestone,

185 3662 254 3720 dans
269 3665 294 3720 lc
310 3669 401 3721 comte
418 3666 454 3721 de
471 3668 559 3734 Kent,
577 3679 605 3723 et
620 3669 700 3722 vdent
713 3666 844 3741 jusqn’eu
859 3666 939 3733 4447,
957 3664 980 3719 si
997 3661 1052 3718 l'on
1069 3681 1105 3717 en
1122 3662 1194 3716 croit
1208 3659 1248 3714 les

186 3752 388 3828 genealogistes
403 3754 526 3827 Anglais.
547 3755 594 3811 On
613 3765 710 3810 trouve
727 3753 796 3809 dans
814 3753 840 3808 le
857 3754 1037 3809 Monosticon
1057 3749 1248 3823 Anglicanum

184 3859 241 3898 nne
252 3842 348 3898 charte
360 3841 394 3898 de
407 3862 435 3898 sa
444 3845 546 3899 lemme
555 3843 703 3907 Mathilde,
716 3854 745 3899 et
755 3862 813 3899 une
822 3854 902 3899 autre
912 3841 948 3897 de
959 3860 1009 3898 son
1019 3841 1061 3897 fils
1072 3838 1246 3896 Guillanme.

185 3930 266 3987 Cette
277 3930 382 3985 lamille
397 3932 513 3987 subsista
530 3951 565 3987 en
582 3932 750 4005 Angleterre
759 3931 871 4005 jusqu’a
887 3948 944 3986 une
957 3933 1066 4004 epoque
1078 3927 1195 3982 avancde
1207 3922 1246 3976 du

186 4034 245 4075 xtu·
261 4018 351 4074 sidcle.
365 4049 402 4062 -
413 4020 560 4075 Rualodm
577 4019 666 4092 parait
684 4019 745 4074 etre
760 4037 817 4074 une
832 4019 922 4075 forme
941 4019 1081 4073 Bretonnc
1099 4013 1139 4069 du
1155 4029 1221 4067 nom
1237 4033 1244 4062 z

187 4104 316 4160 Rolland.
