2888 4934
190 403 253 463 396
465 401 647 463 HISTORIA
668 400 972 463 ucctssstasrtca.

239 532 368 600 XXffl.
384 532 436 601 De
452 529 571 602 Veteri
590 531 804 628 Rotomago,
827 527 924 602 unde
944 527 1004 601 hic
1018 530 1156 603 mentio
1168 532 1235 628 jam

191 645 282 717 sacta
291 657 357 733 est,
371 642 525 716 breviter
535 658 675 742 tangam
689 645 789 743 quod
798 646 834 718 iu
845 646 969 745 priscis
980 645 1161 734 Quiritum
1173 645 1238 720 bis·

191 758 289 831 toriis
304 758 456 852 relatum
475 772 539 832 est.
559 758 668 831 Gaius
687 759 800 832 Julius
816 765 930 834 Caesar
948 759 1128 848 Caletum,
1149 760 1239 835 unde

189 875 380 948 caletensis
403 899 513 974 pagus
531 874 649 947 adhuc
671 875 884 949 vocabulum
907 875 1052 968 mtinet,
1081 873 1237 966 obsedit,

188 989 324 1088 diuque
337 991 419 1063 totis
435 989 568 1063 nisibus
580 991 814 1091 impugnavit.
829 997 874 1065 Et
886 992 972 1091 quia
986 990 1072 1064 illuc
1084 989 1133 1064 de
1145 993 1240 1065 omni

189 1103 302 1177 Gallia
315 1104 539 1204 impacabiles
549 1105 683 1178 inimici
696 1106 952 1199 confluxerant,
966 1107 1030 1206 qui
1040 1103 1200 1180 caedibus
1210 1120 1241 1181 ct

190 1218 362 1292 incendiis
381 1245 423 1293 ac
441 1220 682 1319 frequentibus
695 1222 831 1319 injuriis
846 1221 1086 1313 offenderant,
1105 1237 1142 1295 et
1158 1222 1240 1294 irre·

190 1334 402 1408 missibiliter
418 1340 589 1409 Caesarem
604 1337 837 1428 irritaverant,
856 1337 932 1435 ipse
947 1337 1076 1411 urbem
1090 1337 1241 1437 pertins-

187 1450 275 1522 citer
309 1451 547 1549 impugnavit,
585 1476 667 1524 cum
703 1451 828 1524 ineolis
862 1452 976 1550 oepit,
1014 1451 1240 1550 funditusque

189 1562 371 1637 destruxit.
390 1569 554 1638 Ceterum
569 1565 636 1656 ibi,
656 1591 702 1638 ne
718 1567 900 1665 provincia
913 1566 1077 1666 praesidio
1091 1565 1239 1639 nudare·

189 1695 259 1772 tur,
280 1683 515 1756 munitionem
537 1684 750 1772 construxit,
772 1706 880 1780 quam
902 1683 1049 1777 alulia,
1073 1681 1147 1754 filia
1162 1704 1236 1773 sna,

187 1794 316 1869 Juliam
339 1801 472 1869 bonam
497 1797 733 1895 nuncupavit3
757 1796 821 1869 sed
839 1795 990 1869 barbam
1006 1796 1144 1868 locutio
1166 1793 1238 1868 lile·

187 1907 340 2003 bonam,
357 1926 527 2010 corrupto
545 1912 709 2002 nomine,
731 1912 910 1984 vocitavit.
931 1909 1071 1984 lude1x
1088 1910 1236 1982 iluvios:

187 2024 422 2098 Guitefledam
438 2042 475 2099 et
493 2025 626 2116 Talem,
647 2050 726 2124 quae
740 2030 823 2098 Duu
842 2023 953 2098 modo
976 2025 1119 2114 dicitnr,
1137 2021 1239 2096 Seda-

187 2159 271 2211 nam
296 2154 332 2211 et
355 2139 536 2211 Beluaium
557 2153 664 2237 atque
684 2136 828 2228 Sedam,
848 2142 1079 2211 Guarennam
1095 2152 1132 2209 et
1147 2141 1239 2236 Dep-

188 2275 271 2349 pam
294 2266 330 2324 et
352 2257 478 2326 Earam
501 2253 748 2351 pertransivit,
776 2253 981 2349 Oceanique
1006 2252 1105 2323 littus
1133 2272 1239 2348 usque

187 2365 232 2438 ad
251 2371 387 2438 Ancum
403 2366 551 2458 flumen,
572 2366 671 2466 quod
689 2366 796 2464 vulgo
811 2365 942 2439 dicitur
959 2369 1031 2457 0u,
1050 2364 1239 2465 perlustra·

188 2479 252 2551 vit.
277 2477 395 2551 Solers
416 2479 570 2577 denique
589 2480 772 2579 princeps,
797 2494 985 2578 postquam
1006 2477 1238 2552 commodita-

186 2610 259 2668 tem
291 2596 413 2695 patriae
440 2609 679 2694 perscrutatus
707 2596 779 2667 suis
809 2594 1008 2683 consuluit,
1041 2592 1171 2666 urbem
1198 2587 1239 2666 ad

187 2710 383 2783 subsidium
406 2712 583 2799 Quiritum
605 2710 779 2783 adificare
799 2710 973 2802 decrevit,
998 2707 1098 2807 quod
1120 2705 1240 2778 uodo-

189 2848 308 2917 mum,
333 2827 433 2924 quasi
453 2829 696 2898 Romanorum
721 2824 888 2916 domum,
913 2823 1096 2897 vocitavit.
1119 2819 1240 2892 Accitis

186 2939 305 3038 itaque
337 2940 546 3030 artificibus,
575 2940 735 3038 spacium
762 2938 968 3036 quantitatis
996 2938 1072 3034 ejus
1100 2956 1241 3008 mensus

187 3068 257 3144 est,
282 3054 492 3152 latomisque
515 3077 598 3126 cum
621 3051 842 3124 macionibus
864 3051 933 3124 illie
955 3050 1001 3123 ad
1023 3073 1119 3148 opus
1140 3071 1241 3146 agen·

188 3167 274 3238 dum
288 3169 465 3269 dispositis
479 3167 659 3268 profectus
673 3181 739 3239 est.
755 3171 893 3239 Interea
907 3164 1081 3257 Rutubus,
1100 3177 1236 3264 potens,

186 3307 368 3380 saevusque
385 3278 567 3383 tyrannus,
586 3280 870 3380 inexpugnabile,
890 3295 929 3353 ut
942 3278 1148 3378 putabatur,
1167 3301 1239 3350 mu·

187 3399 357 3496 uicipium
370 3425 476 3499 super
490 3413 650 3471 montem
661 3398 759 3495 juxta
772 3399 973 3493 Sequanam
988 3393 1165 3484 servabat,
1181 3413 1239 3490 pet

187 3513 285 3610 quod
296 3512 604 3610 circumJacentem
614 3511 849 3611 provinciam,
862 3534 1041 3608 navesque
1052 3532 1118 3608 per
1127 3505 1240 3606 proxi·

187 3652 287 3699 mum
301 3627 434 3700 flumen
448 3641 606 3700 meantes
619 3624 817 3699 coercebat.
832 3624 939 3712 Quod
953 3622 1102 3695 audiens
1115 3625 1238 3708 Cesar,

186 3742 270 3813 illuc
293 3766 375 3814 cum
394 3744 546 3814 exercitu
565 3742 756 3831 festinavit,
779 3755 814 3813 et
830 3738 1030 3828 castellum,
1051 3735 1153 3835 quod
1176 3737 1240 3805 Ru·
1282 3798 1283 3801 ,

89 3859 93 3866 ’
186 3856 263 3928 tubi
289 3862 413 3928 Portus
441 3854 697 3954 appellabatur,
728 3855 952 3956 expugnavit.
984 3852 1092 3950 Cujus
1119 3845 1241 3950 oppidi

187 3973 365 4070 specimen
378 3988 412 4045 et
426 3972 542 4043 ruinas
551 3971 661 4043 solers
672 3971 836 4068 indigena
847 3970 1033 4070 perspicue
1044 3965 1237 4064 cognoscit.

188 4091 301 4159 Caesar
317 4105 435 4162 autem
450 4087 495 4159 de
508 4085 677 4185 praedicto
694 4085 774 4159 loco
788 4085 1031 4160 cementarios
1044 4097 1080 4156 et
1093 4078 1240 4154 artifices
