2888 4934
146 421 355 500 [roas-1127]
512 417 629 479 LIBER
650 418 835 478 DECIMUS.
1159 424 1197 481 19

145 552 481 625 Gemmeticensium
501 566 665 624 strenuus
684 551 811 640 abbas,
834 551 929 650 apud
950 551 1197 626 Clarummon-

147 687 232 759 tern,
244 668 333 739 dum
345 667 645 764 lamosasynodus
655 667 704 739 ibi
715 667 963 758 celebraretur,
975 669 1199 742 v1⁰lralendas

145 783 344 857 decembris
356 783 455 855 obiit.
471 788 512 854 ln
525 784 625 880 cujus
636 782 718 855 loco
733 808 795 854 rex
807 784 1042 874 Tancardum,
1054 785 1200 857 Fiscan-

145 924 294 972 nensem
312 899 556 996 praepositum,
573 898 789 995 subrogavit.
806 899 875 985 Qui
888 913 969 996 post
983 899 1118 996 aliquot
1135 925 1199 972 an·

146 1040 226 1103 nos,
242 1029 324 1086 orto
338 1015 431 1085 inter
448 1015 564 1111 ipsum
577 1029 614 1086 et
629 1013 825 1085 monachos
839 1013 1015 1111 probroso
1030 1015 1198 1106 tumultu,

145 1155 228 1201 cnm
240 1128 382 1199 infamia
394 1130 547 1220 recessit,
562 1130 665 1225 eique
679 1130 945 1226 Rotomagensis
959 1134 1081 1218 Ursus,
1093 1129 1138 1201 ab
1152 1132 1202 1202 in·

145 1247 253 1317 fantia
270 1244 431 1341 ejusdem
445 1244 599 1316 ecclesiae
615 1244 826 1334 monachus,
844 1269 908 1343 per
925 1270 1039 1316 annos
1057 1271 1104 1316 xx
1120 1270 1200 1318 suc·

144 1359 249 1431 cessit
265 1357 333 1454 (l)
354 1362 492 1429 lnterea
514 1357 642 1449 Falco,
662 1359 836 1430 Uticensis
861 1358 1058 1431 monachus
1083 1374 1120 1431 et
1134 1360 1201 1431 Di-

145 1476 307 1547 vensium
330 1473 461 1563 abbas,
492 1474 676 1546 Urbanum
704 1478 834 1572 Papam
860 1473 1015 1565 adierat,
1044 1491 1080 1546 et
1104 1474 1201 1572 apud

144 1590 331 1662 Cassinum
346 1591 506 1660 Montem
523 1587 697 1660 exulabat.
713 1589 823 1684 Cujus
839 1614 1034 1678 successor,
1056 1589 1202 1662 nomine

148 1703 374 1791 Benedictus,
405 1704 516 1775 sancti
544 1704 705 1775 Audoeni
732 1706 998 1799 Rotomagensis
1028 1705 1202 1803 archiepi-

146 1821 246 1918 scopi
263 1817 479 1907 monachus,
495 1819 646 1891 obierat.
666 1818 880 1890 Divensibus
892 1845 977 1917 ergo
992 1821 1202 1893 Guillelmus

145 1959 206 2006 rex
215 1933 399 2022 Etardum,
412 1935 735 2006 Gemmeticensem
746 1933 988 2025 hortolanum,
999 1935 1045 2006 ab
1058 1935 1204 2008 infantia

144 2047 386 2136 monachum,
419 2047 584 2121 abbatem
607 2047 729 2138 dedit,
752 2049 814 2146 qui
837 2073 902 2146 per
927 2049 1063 2147 aliquot
1089 2074 1203 2122 annos

145 2190 288 2263 gregem
304 2165 370 2236 Dei
386 2164 573 2261 diligenter
589 2165 754 2237 servavit.
775 2165 922 2237 Fulconi
934 2191 1020 2238 vero
1041 2166 1204 2240 redeunti

143 2306 228 2354 cum
250 2280 410 2379 apicibus
437 2285 561 2379 Papae,
591 2280 829 2353 coenobialem
855 2281 1098 2378 magistratum
1123 2306 1202 2380 gra·

144 2397 420 2495 tanterreliquit,
431 2420 485 2487 ac,
498 2395 544 2467 ad
558 2397 802 2470 conversionis
813 2422 885 2468 suae
894 2396 1014 2469 locum
1025 2422 1200 2490 reversus,

143 2513 180 2583 in
198 2512 378 2610 decrepita
393 2527 493 2585 aetate
514 2511 699 2583 hominem
717 2512 836 2585 exivit.
860 2512 967 2584 Fulco
985 2528 1122 2602 autem,
1140 2513 1203 2611 qui

143 2642 227 2700 ante
249 2627 485 2723 dejectionem
509 2652 610 2699 suam
632 2627 785 2699 Divense
808 2627 1015 2699 coenohium
1037 2627 1203 2698 mannis

144 2742 258 2841 rigide
275 2743 383 2831 rexit,
403 2741 616 2838 solertiaque
633 2766 697 2813 sua
713 2766 904 2814 numerum
924 2742 1071 2813 fratrum
1086 2742 1199 2832 aurit,

144 2858 336 2956 multisque
352 2857 469 2928 modis
485 2856 678 2928 Ecclesiam
694 2858 872 2955 provexit,
893 2855 1075 2927 invidente
1094 2870 1130 2928 et
1145 2857 1201 2928 in·

143 2974 294 3070 stigante
324 2971 479 3044 Sathena
518 2971 646 3066 injuste
685 2972 890 3043 criminatus
927 2984 963 3042 et
995 2969 1198 3068 depositus,

144 3113 197 3160 vn
219 3089 322 3160 annis
347 3086 511 3160 exulavit.
533 3085 671 3158 Deinde
696 3111 876 3177 reversus,
897 3085 1075 3158 abbatiam
1098 3112 1200 3162 suam

143 3204 273 3276 iterum
290 3228 341 3274 vn
356 3202 458 3273 annis
479 3225 648 3300 prospere
659 3200 882 3298 gubernavit,
903 3217 937 3274 et
953 3227 1061 3274 senex
1079 3204 1115 3273 in
1134 3209 1200 3276 Au·

141 3318 214 3417 glia
227 3324 277 3390 m⁰
292 3341 406 3389 nonas
422 3316 542 3415 aprilis
559 3319 707 3388 Guentae
721 3317 836 3412 obiit(
864 3318 891 3414 )

196 3435 236 3504 V.
254 3442 357 3504 Anno
375 3431 421 3503 ab
438 3431 685 3503 lncarnatione
705 3432 852 3502 Domini
868 3440 910 3502 u⁰
920 3439 1062 3523 xc⁰v11⁰,
1086 3434 1200 3506 indic-

177 3700 218 3771 (4)
230 3695 403 3769 L’expnleion
415 3693 450 3751 de
459 3693 589 3751 Tancard
600 3692 688 3767 paralt
697 3694 773 3748 avoir
785 3710 820 3748 eu
832 3694 890 3748 lieu
900 3713 935 3750 en
947 3699 1028 3753 tttt.
1039 3696 1139 3770 Ursus,
1150 3716 1200 3754 son

142 3803 312 3852 mcoemnr,
326 3793 442 3839 mourut
453 3782 479 3840 le
491 3785 527 3843 27
537 3781 651 3838 octobre
664 3783 744 3852 4427,
755 3793 915 3856 emportant
926 3783 996 3840 dans
1007 3784 1033 3839 la
1046 3787 1140 3842 tornbe
1151 3787 1200 3844 des

141 3886 251 3951 regnet·
263 3871 424 3930 nniverrels.

179 3964 219 4036 (2)
235 3962 324 4019 Notre
337 3971 436 4017 auteur
447 3978 517 4016 nous
530 3980 545 4016 a
558 3960 619 4032 dej'a
632 3970 793 4015 entretenns
805 3964 819 4015 'a
832 3961 954 4018 diverses
965 3965 1084 4036 reprises
1093 3964 1142 4020 des
1153 3966 1200 4019 de·

140 4050 229 4110 mele·
240 4051 276 4107 de
288 4069 321 4107 ce
337 4049 469 4106 laroucbe
487 4067 660 4122 personnage
675 4067 738 4103 arec
752 4066 793 4103 ses
810 4051 927 4106 moines.
942 4050 989 4107 On
1009 4053 1081 4108 croit
1096 4072 1152 4126 que
1168 4071 1199 4107 ce

141 4140 188 4198 fiat
198 4156 235 4195 en
245 4143 327 4210 ttoc,
341 4137 411 4214 qu’il
424 4148 553 4207 mourut,
570 4136 791 4209 &Wincbesteu
805 4136 830 4193 le
843 4144 859 4194 3
873 4139 951 4194 avril.
