2888 4934
104 432 243 511 [1118]
461 428 578 491 LlBER
598 427 864 489 DUODEClMUS.
1129 430 1189 490 323

113 569 254 658 regem
275 560 499 651 defensabat,
517 562 684 633 invitatus
700 562 813 652 venit,
835 574 969 632 etcum
987 562 1190 658 quingentis

116 676 304 749 militibus
326 679 461 749 Motam
483 676 652 748 Gualterii
676 677 747 772 (t),
773 700 882 772 quam
907 700 968 746 rex
992 677 1187 766 munierat,

120 791 290 881 obsedit,
311 793 514 890 ingentique
537 792 703 863 instantia
724 805 922 862 crescentes
938 792 1110 863 exercitus
1125 817 1190 888 per

122 925 216 981 octo
229 907 304 979 dies
316 908 352 979 in
365 906 437 978 fine
444 906 523 1004 julii
534 906 759 1006 expugnavit.
772 910 849 977 Hoc
860 905 1008 977 audieus
1017 907 1191 980 Heuricus

122 1050 195 1096 rex
212 1022 440 1096 ttencionem
456 1025 567 1112 venit,
582 1023 765 1120 missisque
780 1019 982 1111 veredariis,
999 1021 1192 1119 phalanges

127 1140 243 1212 totius
268 1140 494 1211 Normanniae
520 1139 566 1210 ad
592 1164 747 1237 puguam
781 1139 1020 1235 congregavit.
1054 1142 1192 1210 Interea

127 1251 267 1325 crebris
278 1252 465 1325 assultibus
477 1252 695 1348 Andegavini
705 1257 930 1324 Normannos
943 1251 1189 1347 fatigaverunt,

127 1367 331 1465 validisque
341 1394 507 1441 saxorum
520 1368 646 1441 ictibus
657 1371 920 1441 munimentum
930 1371 1188 1442 contriverunt.

128 1485 190 1555 Sic
208 1483 379 1554 nimirum
402 1509 467 1555 cxr.
490 1484 617 1556 milites
640 1485 716 1555 sine
740 1484 874 1557 damno
893 1484 1139 1556 membrorum
1158 1499 1195 1556 et

129 1622 318 1670 armorum
330 1599 375 1670 ad
385 1598 607 1672 deditionem
618 1601 732 1672 coacti
742 1614 838 1688 sunt,
851 1624 1007 1695 quorum
1016 1601 1194 1698 principes

131 1716 304 1813 Rogerius
311 1715 357 1786 de
364 1717 494 1786 Sancto
504 1714 667 1786 lohanne
677 1715 732 1811 (2)
740 1729 775 1786 et
783 1714 977 1802 lohannes,
990 1714 1096 1785 irater
1102 1715 1191 1811 ejus,

130 1854 152 1902 a
177 1853 260 1926 rege
283 1830 383 1912 electi
408 1829 564 1901 suerunt.
589 1829 859 1926 Andegavenses
884 1844 1002 1900 autern
1031 1827 1192 1901 kalendis

130 1946 272 2042 augusti
289 1945 528 2017 munitionem
544 1943 622 2018 solo
640 1959 742 2017 tenus
760 1944 963 2034 diruerunt,
986 1960 1019 2016 et
1041 1946 1194 2018 victores

131 2064 169 2132 in
188 2062 341 2160 patriam
359 2086 459 2134 suam
478 2060 545 2133 laeti
562 2061 756 2133 redierunt.
779 2066 983 2134 Castrenses
1001 2087 1105 2150 vero,
1126 2086 1193 2161 pro

130 2177 329 2249 infortunio
342 2201 409 2248 suo
422 2178 550 2265 moesti,
562 2176 791 2248 Alencionem
805 2192 998 2266 venerunt,
1013 2177 1088 2266 sed,
1103 2179 1193 2249 irato

131 2318 215 2390 rege
233 2317 301 2390 pro
314 2292 511 2384 deditione,
527 2294 609 2365 satis
625 2292 862 2384 erubuerunt3
880 2292 1058 2366 defectum
1074 2309 1194 2368 tamen

130 2431 239 2480 suum
263 2408 519 2481 rationabiliter
548 2425 827 2496 excusaverunt,
856 2410 944 2483 dum
974 2410 1099 2483 crebro
1129 2434 1195 2508 per

132 2525 285 2596 nuncios
301 2526 481 2622 quaesitus,
504 2526 637 2624 diuque
658 2542 862 2624 expectatus
880 2552 963 2599 cum
988 2524 1194 2598 necessariis

130 2639 268 2713 v'nibus
288 2640 474 2713 auxiliator
493 2643 599 2713 nimis
619 2641 807 2730 tardasset,
832 2656 865 2712 et
884 2642 1008 2737 ingens
1026 2640 1194 2712 violentia

127 2755 260 2851 jugiter
270 2755 500 2828 insilientium
513 2757 657 2827 inclusis
671 2755 901 2827 incubuisset.
917 2760 1015 2825 Tunc
1026 2779 1087 2825 rex
1100 2758 1194 2825 Hen-

28 2853 31 2857 ’
131 2871 228 2941 ricus
243 2871 387 2966 Sagium
404 2885 439 2943 et
463 2871 693 2943 Alencionem
717 2885 752 2941 et
776 2885 887 2941 totam
912 2870 949 2941 in
967 2868 1026 2940 illa
1049 2869 1193 2964 regione
1245 2901 1251 2907 ·

131 2998 263 3057 terram
281 2985 452 3058 liodberti
469 2987 700 3058 belesmensis
715 2985 897 3058 Tedbaldo
918 2985 1040 3056 comiti
1056 2984 1110 3080 (3)
1127 2983 1191 3056 de·

100 3111 104 3115 “
132 3097 198 3171 dit.
230 3105 309 3198 lpse
333 3126 420 3173 vero
444 3101 612 3173 eumdem
629 3101 820 3191 bonorem,
846 3100 1072 3199 permittente
1094 3124 1189 3197 rege,

133 3215 330 3315 Stephano,
344 3217 442 3289 sratri
457 3242 536 3308 suo,
549 3242 615 3315 pro
625 3219 792 3315 portione
801 3231 957 3315 paternae
971 3213 1188 3305 hereditatis,

165 3455 206 3524 (t)
224 3454 262 3509 la
273 3454 496 3513 Motte-Gautier
510 3457 546 3514 de
558 3459 736 3531 clinchamp,
751 3476 799 3512 sur
811 3457 836 3511 la
850 3473 997 3512 commune
1010 3454 1046 3510 de
1058 3453 1190 3511 ctemttti

130 3541 242 3614 (Ome).
255 3542 336 3599 Cette
348 3544 425 3618 place
436 3546 480 3601 fut
492 3549 568 3602 rasse
581 3547 607 3601 le
620 3552 657 3604 t·‘
668 3547 735 3602 aodt
748 3546 865 3600 suivant.
983 3600 985 3605 .

165 3631 206 3702 (Ξ)
224 3628 318 3703 Roger
332 3630 366 3687 de
379 3633 719 3690 saint-lean·le-Thomss
732 3634 891 3704 (blanche),
906 3633 954 3707 qui
967 3634 1069 3705 sponsa
1081 3629 1188 3699 Cecile,

126 3715 187 3772 fille
198 3727 227 3773 et
238 3716 371 3775 be'ritiere
383 3720 418 3776 de
430 3721 534 3779 Robert
544 3722 580 3778 de
592 3725 628 3777 La
642 3724 722 3778 Haie.
736 3723 830 3793 Voyez
841 3731 921 3776 notre
932 3730 1026 3775 savam
1038 3719 1092 3774 ami
1106 3719 1144 3773 M.
1154 3717 1190 3774 de

126 3804 264 3873 Gerville,
280 3808 404 3864 Ancr'errs
420 3810 566 3867 Chaiteaurc
579 3811 614 3868 de
629 3814 658 3867 la
669 3811 804 3874 Manchn,
819 3811 878 3882 lll,
892 3830 919 3884 p.
935 3811 977 3867 10.

166 3894 206 3966 (3)
218 3894 365 3965 Thibaud,
379 3910 470 3954 comte
482 3899 517 3954 de
529 3900 615 3968 blois,
629 3902 790 3955 surnornrne
801 3899 826 3954 le
836 3898 949 3968 Grand,
964 3917 1081 3955 unusne
1093 3914 1188 3952 savons

127 3994 194 4057 trop
208 3986 364 4060 pourquoi;
379 3989 447 4043 mais
459 4007 491 4044 ce
502 4007 557 4063 que
568 4008 639 4044 nous
651 4008 775 4063 pouvons
786 3987 915 4058 affirmer,
930 3990 995 4044 c'est
1007 4005 1061 4062 que
1074 4004 1105 4041 ce
1119 3985 1189 4040 u’est

128 4089 180 4141 pas
193 4091 265 4147 pour
279 4093 307 4130 sa
319 4076 429 4148 loyaute
441 4096 537 4134 envers
550 4098 598 4135 son
612 4080 765 4135 souverain.

169 4159 268 4217 c’stait
284 4182 323 4218 un
340 4164 492 4222 humiliant
507 4186 575 4223 aveu
592 4168 627 4224 de
643 4168 767 4224 faiblesse
784 4167 819 4224 de
835 4167 860 4222 la
876 4175 938 4238 part
955 4163 1021 4218 d'un
1036 4178 1188 4235 monarqne
