2888 4934
186 416 296 496 [noa]
527 412 643 474 stass
665 414 907 476 nunauntus.
1192 416 1249 497 ros

186 547 476 646 dereliquerunt,
504 562 540 621 et
564 564 745 623 sensatum
778 574 898 647 regern
935 548 1066 622 utiliter
1100 549 1250 648 expetie·

186 681 297 756 runt,
329 689 372 737 ac
396 679 436 737 ut
459 664 641 763 languenti
669 665 831 738 Ecclesiae
851 665 934 753 Dei,
963 665 1169 762 miseraeque
1194 688 1250 736 re·

187 781 558 882 gionisnffmgaretur,
577 781 851 881 lacrymabiliter
867 782 1149 880 postulaverunt.
1166 781 1253 853 Mul·

187 912 311 972 torum
348 900 468 996 itaque
508 903 811 972 Normannorum
842 899 1014 999 petitione
1052 898 1254 995 benigniter

188 1014 348 1117 polsatus
372 1029 447 1101 est,
472 1029 508 1087 ct
534 1039 554 1085 a
575 1014 750 1114 pluribus,
775 1030 849 1088 tam
869 1013 1039 1086 clericalis
1061 1036 1170 1110 qnam
1190 1013 1252 1084 lat·

189 1128 275 1203 oal'n
298 1129 451 1220 ordinis,
475 1129 747 1203 honorabilibus
770 1131 933 1231 personis
959 1128 1089 1201 obnixe
1110 1143 1253 1226 rogatus

189 1255 243 1316 est
262 1257 305 1315 ut
330 1258 516 1341 paternam
538 1243 790 1335 hereditatem,
820 1269 899 1342 qnae
921 1241 1167 1316 miserabiliter
1191 1240 1254 1314 de·

189 1355 411 1449 vastabatur,
441 1359 612 1452 visitaret,
641 1384 776 1457 suaque
799 1360 985 1459 praesentia
1011 1358 1251 1455 provinciam,

188 1494 269 1571 quar
282 1487 422 1546 rectore
432 1473 588 1565 carebat,
602 1473 805 1565 letificaret,
820 1489 926 1572 atque
938 1473 984 1547 ad
993 1470 1253 1549 defensandum

189 1600 315 1661 conns
329 1587 502 1687 profanos
516 1590 704 1688 praedones
721 1591 820 1688 virga
832 1591 974 1688 justitiae
991 1590 1176 1689 reciperet.

237 1708 344 1776 Anno
362 1704 409 1776 ab
425 1708 673 1779 lncarnatione
691 1708 838 1779 Domini
859 1712 902 1777 Μ’
922 1712 956 1778 c⁰
976 1711 1039 1796 rv⁰‚
1058 1705 1250 1793 Henricns,

191 1819 387 1917 laginam
397 1844 471 1911 rex,
483 1846 567 1894 cum
575 1823 822 1919 magnaclasse
830 1824 867 1894 in
878 1805 1135 1894 Normanniam
1143 1835 1255 1892 trans·

189 1932 346 2024 letavit,
370 1949 405 2007 et
427 1937 679 2026 Danfrontem,
700 1937 839 2036 aliaque
859 1936 1010 2036 oppida,
1030 1961 1109 2034 qnae
1127 1935 1255 2008 ditioni

188 2047 266 2144 ejas
280 2047 424 2120 subdita
439 2063 540 2121 erant
555 2050 627 2147 (t),
646 2075 729 2122 cnm
746 2052 883 2149 ingenti
898 2065 1071 2150 apparatu
1087 2050 1251 2123 visitavit.

188 2170 218 2237 Δ
233 2165 446 2264 proceribus
456 2166 532 2243 suis
544 2165 743 2240 honorifice
760 2182 944 2266 susceptus
960 2180 1030 2256 est,
1050 2181 1087 2238 et
1101 2166 1256 2266 copiosis

189 2282 398 2355 muneribus
416 2283 513 2380 regio
533 2284 604 2356 ritu
622 2284 822 2357 honoratus
845 2299 910 2361 est.
938 2282 1140 2355 Rodbertus
1159 2282 1256 2354 enim

189 2418 312 2469 onmes
326 2397 374 2468 de
391 2396 558 2470 Mellento
580 2413 615 2471 et
636 2399 806 2472 Ricardus
826 2399 1035 2488 cestrensis,
1054 2395 1256 2495 Stephanus

188 2534 312 2603 eomes
338 2512 545 2587 Albemarlae
568 2531 603 2588 et
621 2519 795 2589 Hemicus
815 2516 999 2605 lucensis,
1019 2518 1131 2587 Rotro
1148 2517 1255 2586 Mau-

190 2627 395 2701 ritoniensis
426 2644 462 2699 et
492 2629 702 2704 Eustachius
734 2630 973 2720 britoliensis,
1007 2627 1177 2701 Radnllns
1210 2626 1256 2699 de

190 2744 346 2818 Concbis
366 2758 401 2817 et
419 2745 620 2818 Rodbertus
642 2746 736 2818 fillus
757 2747 963 2855 Haimonis,
988 2743 1190 2816 Rodbertus
1209 2742 1256 2815 de

191 2860 315 2935 lente
335 2860 431 2932 Forti
448 2875 485 2933 et
501 2859 672 2934 Radullus
689 2863 736 2934 de
752 2861 1001 2950 Mortuomari,
1025 2859 1157 2956 aliique
1173 2857 1257 2957 plu-

192 2996 244 3050 ras
261 2998 416 3072 magnos
434 2977 470 3046 in
495 2976 617 3074 anglia
637 2975 683 3049 de
705 2977 767 3048 illo
791 2975 923 3048 fundos
946 2972 1133 3062 tenebant,
1160 2986 1196 3045 et
1218 2974 1255 3045 in

192 3091 353 3163 Nenstria
368 3090 443 3186 jam
464 3114 548 3162 cum
565 3092 637 3163 suis
653 3089 886 3191 optimatibus
903 3089 949 3161 ad
970 3087 1071 3160 illum
1092 3088 1257 3160 conversi

191 3203 349 3294 borant,
365 3219 401 3277 et
417 3229 500 3277 cnm
515 3206 644 3279 eodem
662 3222 788 3279 contra
805 3229 932 3279 omnes
946 3205 1140 3302 terrigenas
1153 3201 1258 3274 dimi·

192 3344 270 3397 aare
288 3323 404 3428 parati
421 3322 617 3396 fervebant.
639 3323 778 3396 Deinde
800 3319 890 3412 rex,
905 3335 989 3423 post
1008 3318 1145 3418 aliquot
1162 3319 1254 3407 dies,

193 3433 336 3510 nauem
347 3461 453 3508 suum
464 3437 509 3510 ad
522 3437 745 3536 colloquium
759 3437 930 3527 accersiit,
946 3449 1158 3536 praesentem
1174 3458 1258 3506 cnm

195 3551 435 3659 messentibus
472 3555 637 3652 parasitis
673 3555 862 3644 convenit,
904 3552 1121 3649 redarguens
1158 3546 1259 3646 qnod

194 3660 336 3764 panum
352 3667 445 3740 inter
460 3692 524 3740 cos
542 3668 580 3741 in
594 3667 715 3767 Anglia
730 3667 999 3748 foedusirritum
1013 3665 1149 3755 fecerit,
1170 3663 1259 3743 dum

221 3981 266 4052 ’(4)
282 3976 333 4037 On
346 3981 405 4036 voit
417 3999 468 4054 par
481 4000 513 4036 oe
524 3999 638 4056 passage
651 4001 714 4037 avec
727 3980 819 4056 quelle
832 3980 943 4053 loyante
956 3980 1045 4034 Henri
1059 3979 1131 4034 avait
1143 3975 1259 4031 execute'

199 4065 308 4124 Perticle
324 4067 360 4125 de
375 4067 402 4125 la
415 4071 582 4126 conventior
595 4070 630 4125 de
641 4074 720 4139 4404,
735 4062 888 4144 parleqnel
900 4068 921 4123 il
934 4085 970 4122 ne
982 4067 1072 4122 s’etait
1083 4065 1192 4121 reserve'
1204 4080 1262 4136 que

201 4153 345 4213 Domlront
356 4155 513 4214 danstoute
524 4159 550 4214 la
563 4159 743 4215 Normandie.
757 4157 929 4230 (Gi-desset,
944 4175 972 4228 p.
985 4156 1060 4224 444.)
