2888 4934
196 421 302 501 [1098]
559 418 676 482 LIBER
696 419 885 481 DECIMUS.
1215 426 1255 487 ⁴7

195 553 312 642 venit,
334 566 370 624 et
387 553 423 623 in
442 551 551 650 pratis
568 555 676 624 Surtae
691 551 751 652 figi
766 551 1005 627 multitudinis
1020 558 1172 629 tentoria
1191 559 1255 630 im·

193 670 343 770 peravit.
372 673 413 740 ln
439 668 552 741 vineis
575 667 746 741 balistarii
773 684 809 742 et
837 670 1004 768 sagittarii
1032 696 1134 744 secus
1160 674 1254 747 viam

194 801 316 876 erant3
347 786 410 882 qui
437 785 635 875 tramitem,
661 810 707 857 ne
732 784 854 857 hostes
878 786 1025 883 impune
1048 789 1254 879 transirent,

193 923 424 1001 summopere
449 899 702 999 explorabant,
721 900 926 1000 crebrisque
949 901 1139 975 missilibus
1163 929 1254 1002 prae·

194 1030 375 1089 tereuntes
392 1015 651 1113 inquietabant.

240 1131 365 1221 Fulco,
380 1147 622 1230 cognomento
637 1133 819 1223 Richinus,
833 1133 1105 1232 Andegavorum
1119 1159 1254 1223 comes,

192 1262 232 1321 ut
244 1248 385 1320 Heliam
402 1262 547 1347 captum
561 1247 709 1339 audivit,
726 1248 981 1340 Cenomannis,
997 1251 1080 1347 quia
1099 1250 1257 1345 capitalis

193 1362 363 1436 dominus
380 1379 468 1453 erat,
488 1378 645 1436 actutum
665 1363 829 1455 advenit,
845 1378 894 1454 et,
913 1388 935 1436 a
951 1363 1087 1437 civibus
1105 1363 1258 1440 libenter

192 1495 400 1579 susceptus,
423 1479 594 1552 militibus
616 1494 651 1551 et
676 1479 924 1554 fundibulariis
948 1483 1112 1554 munivit.
1140 1482 1254 1556 Adve-

192 1595 316 1668 niente
332 1620 420 1668 vero
441 1619 545 1694 rege,
564 1595 694 1667 milites
717 1594 763 1669 de
788 1595 878 1669 urbe
902 1595 1045 1671 obviam
1066 1599 1098 1670 ei
1124 1601 1256 1695 egressi
1334 1623 1336 1628 ’

192 1725 297 1799 mut,
326 1726 361 1783 et
378 1726 453 1784 tota
469 1711 528 1784 die
548 1711 694 1783 viriliter
713 1711 751 1782 in
771 1715 999 1786 Normannos
1016 1726 1254 1804 certaverunt,

192 1839 227 1897 et
249 1825 414 1898 militaria
435 1852 478 1899 ex
499 1841 650 1925 utraque
672 1840 773 1924 parte
795 1828 954 1900 facinora
983 1830 1253 1902 commiserunt.

192 1943 334 2014 Famosi
347 1966 479 2042 nempe
493 1943 629 2041 pugiles
647 1943 852 2016 nitebantur
868 1945 1125 2042 utrinquesuas
1136 1960 1256 2018 osten·

192 2070 267 2130 tare
284 2057 397 2147 vires,
416 2059 694 2156 etpromereria
710 2058 932 2158 principibus
949 2061 1022 2133 suis
1039 2075 1145 2159 atque
1161 2084 1260 2133 com·

191 2172 415 2246 militonibus
431 2172 720 2272 sanguinolentas
736 2173 873 2246 laudes.

240 2293 404 2388 Paganus
425 2290 473 2365 de
488 2289 756 2364 Montedublelli
775 2292 806 2388 (l
816 2291 849 2387 ),
870 2294 1084 2365 Normrmnis
1100 2291 1188 2365 olim
1204 2292 1256 2364 fu·

190 2406 352 2497 miliaris,
371 2409 562 2481 amicitiam
578 2432 663 2480 cum
680 2431 763 2506 rege
780 2406 948 2500 firmavit,
962 2424 1000 2481 et
1013 2409 1256 2496 fortissimam,

190 2546 302 2621 quam
318 2523 415 2622 apud
433 2523 624 2598 Balaonem
641 2523 865 2624 possidebat,
892 2539 1027 2597 motam
1049 2525 1123 2622 regi
1146 2522 1257 2595 tradi·

191 2637 258 2729 dit,
274 2663 341 2738 per
357 2664 467 2739 quam
484 2655 603 2714 totum
621 2640 810 2740 oppidum,
827 2641 1036 2714 adversariis
1054 2640 1255 2728 subactum,

190 2757 324 2853 paruit.
347 2760 554 2829 iterantem
571 2756 642 2829 illic
661 2756 882 2830 Rodbertum
904 2758 951 2830 de
968 2755 1133 2829 Bellismo
1153 2755 1258 2854 prin-

190 2873 310 2970 cipem
326 2873 457 2945 militiae
473 2873 668 2964 constituit,
682 2875 786 2972 eique
801 2874 882 2972 plus
894 2898 1003 2973 quam
1015 2878 1101 2945 ccc⁰⁸
1113 2871 1254 2959 milites,

191 2989 322 3062 animis
330 2992 479 3063 etarmis
487 2991 902 3080 instmctos,associavit.
915 2994 1047 3061 Contra
1056 2988 1258 3060 resistentes

190 3101 377 3202 indigenas
402 3105 633 3177 vehementer
652 3105 839 3192 intumuit,
861 3118 897 3175 et
917 3099 1259 3201 incomparabilibus

188 3385 219 3430 et
230 3375 409 3449 crapuleuses
421 3375 457 3430 de
471 3373 653 3440 Guillaume,
665 3392 704 3428 un
721 3372 809 3447 pareil
822 3372 954 3447 scrupula
967 3371 1064 3438 serait,
1079 3372 1102 3426 si
1113 3371 1170 3428 l'on
1184 3387 1257 3444 pou·

188 3465 278 3537 raity
291 3465 399 3537 ajouter
411 3465 464 3532 foi,
482 3463 541 3519 l'un
556 3463 605 3519 des
621 3462 685 3518 faits
701 3461 741 3517 lea
758 3461 821 3535 plns
839 3463 968 3535 &manger
986 3479 1042 3536 qne
1059 3460 1196 3516 l'bistoire
1207 3458 1258 3515 erit

189 3553 400 3626 aenregistrer.

224 3641 292 3696 Une
302 3641 379 3697 seule
390 3641 506 3696 citatior
519 3657 590 3695 nous
606 3637 701 3694 suffira
714 3656 787 3713 ponr
798 3638 907 3694 donner
919 3656 975 3692 une
990 3637 1053 3693 idee
1066 3635 1102 3691 de
1116 3634 1140 3689 la
1153 3635 1258 3691 licence

188 3738 219 3784 et
229 3728 267 3785 de
278 3728 305 3784 la
317 3728 499 3803 promiscuus
512 3729 562 3803 qni
574 3728 722 3801 regnaient
734 3729 749 3782 l
761 3727 787 3782 la
800 3744 871 3782 cour
880 3726 915 3783 de
925 3724 1098 3782 Gnillaume.
1110 3724 1258 3780 L’bistoirc

188 3834 206 3870 a
217 3817 389 3891 cnregistre,
403 3817 493 3889 parmi
505 3817 545 3871 les
558 3816 692 3872 reformes
703 3814 829 3872 notables
840 3814 1012 3871 introdnitea
1023 3831 1073 3887 par
1085 3830 1135 3868 son
1147 3829 1258 3868 succes·

189 3921 266 3973 seur,
279 3904 306 3961 le
322 3906 374 3960 fait
386 3906 495 3960 suivant
510 3929 516 3958 :
532 3906 728 3960 Lucernarum
745 3922 827 3960 usum
843 3903 972 3959 noctibus
989 3906 1019 3958 in
1031 3905 1111 3958 curia
1122 3902 1255 3966 restituit,

189 3996 243 4066 qur·
249 3994 350 4067 fuerat
363 4004 485 4068 tempore
494 3995 599 4067 fratris
615 3995 800 4051 intermissus.
819 3992 867 4049 Un
884 3992 1023 4049 historica
1035 3991 1130 4065 ajonte
1142 3990 1255 4045 meme:

187 4081 358 4154 prohibitus.

226 4170 268 4238 (t)
283 4170 379 4242 Voyez
392 4169 546 4239 ci-dessna,
560 4180 581 4225 t.
596 4171 655 4236 ΙΙΙ,
671 4188 699 4242 p.
713 4172 772 4227 448.
