3140 5076
133 478 343 553 [un-rna]
474 473 853 536 transcurremus.
1137 481 1195 544 sos

134 607 287 680 inimicis
299 606 524 706 pertinaciter
533 607 721 680 resisteret.
738 608 854 680 Helias
866 632 967 698 vero,
982 633 1047 708 per
1059 609 1199 683 diversa·

134 723 302 822 fugitans,
313 746 468 821 puerum
477 723 642 814 servarit,
653 737 688 796 et
699 747 811 822 usque
822 723 869 795 ad
877 722 1071 822 pubertatis
1082 749 1197 798 annos

133 854 176 912 ut
201 840 386 938 propriam
410 838 572 912 sobolem
599 839 777 915 educarit.
808 845 874 912 Per
900 840 1071 940 plurimas
1096 841 1197 913 illum

134 957 302 1054 regiones
317 955 567 1047 circumduxit,
587 955 818 1057 optimatibus
831 956 953 1030 multis
970 972 1005 1030 et
1016 955 1196 1030 nobilibus

135 1069 329 1170 oppidanis
344 1071 555 1168 elegantiam
574 1073 650 1169 ejus
669 1073 835 1146 ostendit.
858 1071 911 1146 Ad
927 1096 1087 1145 amorem
1098 1074 1198 1169 juve-

135 1187 192 1260 nis
209 1209 458 1284 quoscumque
471 1187 589 1284 potuit
601 1186 768 1284 precibus
786 1201 821 1260 et
833 1187 1017 1285 promissis
1033 1187 1199 1260 vivaciter

136 1303 296 1392 attraxit,
322 1316 358 1376 et
380 1303 643 1401 querimoniam
662 1302 894 1376 desolationis
914 1304 991 1399 ejus
1014 1303 1198 1376 manifeste

135 1415 388 1517 permulgavit,
413 1418 535 1516 sicque
560 1416 670 1489 corda
691 1415 889 1490 multorum
915 1417 962 1490 ad
983 1419 1199 1516 compassio·

137 1557 221 1605 nem
235 1530 443 1629 dejectionis
455 1532 549 1605 illius
562 1532 757 1606 inclinavit.
776 1537 1066 1606 Normannorum
1079 1532 1199 1631 plures

136 1651 168 1721 ei
184 1649 292 1721 nimis
308 1648 485 1738 favebant,
506 1664 542 1721 et
559 1648 728 1722 eumdem
746 1648 816 1722 sibi
828 1649 992 1748 praeferre
1008 1649 1199 1724 vehemen-

137 1779 190 1838 ter
206 1763 392 1864 optabant.
416 1763 521 1836 Unde
538 1765 704 1838 nonnulli
720 1780 906 1864 potentem
924 1766 1196 1864 sceptrigerum,

136 1881 198 1977 qui
210 1893 296 1951 tunc
307 1878 562 1952 dominabatur
570 1880 634 1968 eis,
649 1879 892 1970 offendebant,
903 1903 1050 1978 seseque
1061 1903 1200 1978 suspec-

136 2012 192 2068 tos
222 1993 386 2094 pluribus
418 1995 537 2068 modis
566 1994 757 2067 faciebant.
794 1997 973 2094 Pracipue
1000 1993 1200 2068 Rodbertus

136 2110 392 2200 Belesmensis,
427 2108 590 2183 recolens
617 2111 810 2184 amicitiam
839 2126 875 2185 et
903 2109 1197 2202 familiaritatem,

134 2249 244 2322 quarn
258 2249 341 2322 erga
352 2223 483 2296 ducem
495 2223 682 2318 habuerat,
696 2242 733 2299 et
743 2227 876 2324 ingenti
888 2228 1049 2326 potentia
1061 2225 1116 2322 (l)
1129 2249 1201 2323 qua

135 2365 243 2439 super
257 2341 432 2412 maximos
446 2344 738 2414 Normannorum
753 2341 821 2414 sub
836 2365 879 2415 eo
893 2342 1074 2431 floruerat,
1089 2339 1201 2436 incly-
1312 2391 1315 2398 .

135 2469 214 2527 tum
232 2455 373 2528 exulem
390 2455 492 2527 ducis
508 2453 621 2527 lilium
638 2456 807 2554 adjuvare
823 2457 907 2530 totis
919 2455 1055 2529 nisibus
1066 2470 1201 2553 satage·

134 2569 209 2642 bat.
239 2574 337 2644 Inter
362 2595 425 2643 eos
455 2570 630 2644 veredarii
659 2571 864 2668 frequenter
893 2569 1139 2644 discurrebant
1164 2583 1201 2641 et

136 2686 278 2784 impigri
294 2711 471 2776 cursores,
491 2702 727 2785 utrorumque
746 2711 877 2760 arcana
892 2685 958 2758 sibi
976 2686 1131 2757 vicissim
1146 2707 1201 2756 re-

134 2799 314 2873 serabant.
329 2803 387 2874 Sic
399 2800 544 2873 alternis
557 2801 865 2874 cohortationibus
877 2814 1004 2872 mutuo
1018 2823 1094 2872 sese
1106 2799 1202 2870 Rod-

134 2913 259 2987 bertus
271 2930 307 2988 et
320 2915 436 2988 Helias
447 2914 710 3005 confortabant,
726 2931 762 2987 et
772 2914 819 2988 de
832 2911 1066 3014 provehenda
1074 2910 1200 2984 sobole

136 3255 185 3308 par
196 3235 361 3306 Gondrdde,
374 3237 476 3292 lemme
488 3237 523 3294 de
535 3255 567 3292 ce
578 3237 703 3302 dernier,
715 3248 742 3294 et
754 3236 809 3292 srlle
820 3235 887 3290 d’un
900 3233 1022 3308 premier
1030 3233 1153 3310 mariage
1166 3231 1201 3288 de

134 3323 161 3378 la
175 3325 254 3380 reine
268 3325 414 3385 mathilde.
431 3327 468 3382 Le
482 3327 525 3382 roi
540 3327 629 3383 Henri
643 3337 672 3382 et
685 3325 849 3384 Guillaume
864 3325 892 3378 ΙΙ
907 3323 942 3378 de
953 3323 1086 3381 Varenne
1096 3323 1202 3379 etaient

134 3431 187 3486 par
198 3423 272 3468 cette
289 3411 365 3485 ligne
382 3415 493 3470 cousins
507 3416 661 3488 germains,
678 3425 707 3471 et
722 3424 804 3469 notre
820 3422 922 3467 auteur
937 3431 953 3466 a
971 3413 1016 3468 ete
1029 3410 1114 3468 fonde
1129 3412 1145 3465 a
1160 3409 1201 3465 les

135 3503 280 3574 presentet
292 3519 401 3557 comme
415 3501 576 3560 reellement
587 3503 713 3567 cousins,
727 3500 819 3558 tandin
833 3518 890 3576 quc
903 3519 954 3574 par
965 3500 1064 3556 l'antre
1075 3499 1109 3556 ils
1121 3499 1201 3554 n'au-

136 3589 227 3644 raicnt
242 3589 287 3644 ete'
301 3607 358 3663 que
373 3588 556 3651 descendants
568 3590 603 3646 dc
618 3590 738 3646 cousins.
757 3589 851 3661 Voyez
865 3591 881 3643 Ι
895 3606 927 3645 oe
939 3589 1012 3662 sujet
1025 3597 1106 3644 notre
1118 3597 1199 3654 note,

135 3685 157 3732 t.
172 3676 231 3744 111,
245 3696 275 3750 p.
289 3677 352 3742 stt.

170 3763 315 3836 lambert,
332 3767 400 3840 pbre
414 3765 450 3822 de
466 3767 548 3822 Helie
559 3766 595 3821 de
610 3765 801 3832 saint-Saena,
816 3767 885 3821 e'tait
896 3767 970 3821 aussi
984 3767 1082 3821 cousin
1097 3767 1153 3820 issu
1166 3762 1202 3820 de

137 3851 261 3924 germain
276 3852 315 3908 dn
331 3852 387 3908 duc
403 3852 511 3910 Robert
526 3856 571 3926 1⁰²,
585 3853 708 3910 desorto
722 3854 791 3927 qu’il
806 3873 824 3927 y
838 3855 910 3910 avait
923 3856 1039 3928 parente
1050 3871 1123 3908 assez
1137 3871 1202 3925 rap·
1237 3853 1242 3862 '

135 3938 257 4011 protheo
270 3949 351 3996 entre
363 3939 403 3996 les
414 3943 484 3998 trois
501 3959 686 4017 personnages
697 3941 767 3998 dont
779 3941 799 3997 il
813 3942 894 4016 s'agit
906 3942 954 4014 ici,
966 3941 1090 4016 quoique
1103 3939 1202 3996 denos

132 4027 213 4098 joura
225 4025 278 4083 elle
290 4047 325 4084 ne
338 4029 444 4087 donndt
456 4030 518 4104 plus
532 4031 588 4086 lieu
599 4049 635 4084 an
650 4031 716 4086 titre
728 4029 763 4085 de
776 4031 872 4086 cousin
886 4041 966 4087 entre
979 4029 1059 4084 Helie
1071 4037 1100 4083 et
1109 4027 1136 4084 le
1146 4029 1200 4082 roi.

170 4118 209 4189 (l)
228 4117 252 4172 ll
269 4135 339 4173 nous
350 4119 509 4175 semblerait
527 4118 588 4193 plus
605 4117 728 4194 regulier
742 4117 778 4174 de
797 4119 863 4186 lire,
878 4121 893 4174 a
909 4117 1074 4184 l’accnsatif,
1093 4132 1201 4171 comme

136 4203 205 4258 dans
219 4203 243 4260 lc
256 4207 380 4263 membre
393 4207 428 4262 do
441 4210 540 4281 phrase
555 4207 703 4282 precedent
719 4234 723 4264 :
739 4211 884 4280 Ingentem
896 4209 1058 4280 potentiam.
1097 4269 1101 4278 .
