3178 5052
351 416 409 477 trs
619 409 811 474 msromt
833 411 1139 472 sectrnsttsrtct.
1197 414 1406 492 [troo-tuot]

349 545 506 618 cundare
529 543 734 632 voluerunt3
753 542 817 614 sed
837 567 899 614 eos
915 543 1061 614 inter'se
1079 543 1203 615 Franci
1220 544 1404 616 concluse-

346 677 450 749 runt,
476 675 510 732 et
530 665 654 759 captos
676 661 711 730 in
734 682 874 730 carcere
897 671 1130 747 retruserunt3
1157 657 1278 730 valvas
1301 675 1404 731 cauto

268 843 274 852 .
348 775 523 877 repagulis
551 774 816 874 oppilaverunt,
841 787 877 846 et
899 775 1064 845 universa
1086 773 1190 844 turris
1210 773 1404 871 penetralia

349 893 424 964 sine
438 889 586 990 publico
601 887 753 961 tumultu
771 887 954 960 consecuti
969 901 1066 978 sunt,
1086 901 1123 958 et
1138 887 1404 984 sinesanguinis

349 1007 520 1080 effusione
535 1005 610 1076 voti
626 1017 811 1100 compotes
832 1002 946 1074 effecti
961 1017 1057 1074 sunt.
1075 1000 1206 1072 Civitas
1219 1001 1316 1074 enim
1329 1017 1404 1075 erat

348 1145 458 1194 vacua
470 1118 691 1220 pugnacibus
701 1118 798 1207 viris,
812 1117 981 1214 quoniam
993 1116 1039 1188 ad
1053 1115 1215 1215 praelium
1225 1117 1400 1208 exierant3

347 1261 503 1334 quorum
523 1233 606 1306 solae
618 1232 786 1306 mulieres
805 1257 887 1304 cum
905 1230 1097 1303 infantibus
1112 1230 1251 1329 trepide
1273 1232 1404 1306 domos

346 1351 547 1424 servabant.
562 1353 691 1421 Carcer
707 1363 783 1420 erat
799 1349 834 1419 in
852 1371 932 1419 arce
948 1345 1195 1434 munitissima,
1214 1345 1334 1444 ibique
1347 1347 1403 1420 di·

345 1467 425 1538 vitis
441 1465 610 1554 thesauri,
627 1464 801 1560 variaeque
818 1460 1055 1558 supellectilis,
1077 1485 1262 1560 opumque
1276 1463 1404 1536 multa·

344 1605 428 1653 rum
450 1579 658 1652 servabatur
677 1578 797 1677 copia,
821 1590 855 1648 et
875 1575 992 1648 eidem
1012 1577 1101 1647 turri
1118 1575 1308 1672 conjuncta
1329 1593 1403 1651 erat

346 1695 551 1796 principalis
565 1696 671 1792 regia.

395 1811 562 1908 Sequenti
579 1824 706 1899 nocte,
732 1808 842 1880 Melae
861 1808 1081 1880 Christianos
1101 1807 1148 1881 de
1172 1832 1254 1880 arce
1271 1810 1308 1878 in
1335 1831 1403 1880 au-

346 1926 418 1998 lam
444 1925 659 2008 introduxit,
685 1937 720 1996 et
740 1947 867 1995 omnes
886 1925 936 1996 eis
959 1946 1118 1995 cameras
1139 1937 1246 2021 atque
1269 1939 1404 1996 secretu

346 2037 539 2138 penetralia
577 2037 858 2127 demonstravit,
898 2051 933 2109 et
967 2036 1054 2134 quid
1089 2062 1193 2135 agere
1231 2037 1405 2111 deberent

347 2153 558 2226 adveniente
580 2153 811 2242 Dalimanuo,
836 2153 1097 2227 insinuantia
1119 2154 1313 2227 crastinum
1333 2156 1404 2228 vic-

347 2286 405 2341 tor
428 2293 512 2340 cum
537 2271 685 2367 satrapis
708 2284 743 2340 ct
769 2267 917 2339 tribunis
943 2284 978 2340 et
1003 2268 1233 2365 optimatibus
1259 2271 1331 2342 suis
1348 2296 1404 2342 re-

348 2385 491 2456 meavit.
516 2385 582 2455 Cui
604 2382 673 2454 filia
694 2384 771 2479 ejus
794 2408 877 2454 curn
899 2385 1026 2455 coaevis
1043 2383 1269 2456 consortibus
1291 2387 1404 2484 tripu·

347 2500 449 2571 dians
463 2500 631 2571 occurrit.
650 2504 737 2585 Ave,
759 2499 885 2595 inquit,
907 2499 1142 2596 triumphator
1151 2498 1322 2597 gloriose!
1341 2500 1404 2574 tlte

346 2639 431 2686 vero
445 2613 660 2685 furibundus
678 2612 862 2724 pespondit
886 2641 895 2682 :
922 2618 1027 2701 Tace,
1045 2616 1200 2710 pessima
1218 2617 1399 2686 meretrix.

345 2731 463 2800 Ffetas
477 2727 708 2800 salutationes
727 2744 806 2798 tuas
819 2752 890 2798 nort
907 2751 1002 2813 curo,
1009 2725 1265 2822 fraudulentur
1278 2726 1404 2800 adm-

346 2847 456 2916 tfones
473 2860 550 2915 tuus
566 2842 804 2941 floccipendo.
829 2847 898 2914 Per
912 2841 1067 2915 divinum
1089 2859 1239 2916 stemma
1258 2845 1404 2916 Macho-

346 2962 463 3048 ntem,
483 2963 546 3056 qui
559 2959 648 3030 mr'fu'
666 2957 763 3030 dedit
782 2961 980 3044 detortum,
1002 2984 1081 3029 cum
1101 2959 1405 3033 anmmrr'bustuir

346 3096 426 3141 cras
447 3074 593 3144 interire
608 3071 802 3168 tesaetum.
828 3078 879 3144 Tu
897 3077 994 3144 enim
1014 3073 1064 3144 ad
1078 3073 1318 3169 confiur'orrem
1336 3081 1408 3147 mei

347 3189 437 3257 meir
450 3209 554 3256 arura
571 3185 699 3259 dedisti
718 3187 943 3276 adversariis,
963 3213 1043 3260 cum
1059 3187 1182 3286 quibus
1200 3205 1239 3260 ut
1262 3194 1402 3286 aequb-

345 3299 964 3398 simaprodftrfredacibusflammis
976 3301 1262 3374 concremaberis.
1279 3303 1404 3376 Adbuc

345 3415 524 3489 nesciebat
550 3415 650 3513 quod
673 3417 825 3488 archarii
852 3417 928 3513 ejus
949 3419 985 3490 in
1011 3417 1227 3492 obscuritate
1254 3421 1404 3492 carceris

347 3546 559 3621 artarentur,
575 3532 703 3604 Franci
712 3557 812 3624 vero,
827 3533 865 3604 in
880 3533 1020 3605 editiori
1029 3533 1120 3604 solio
1135 3536 1346 3624 eminentes,
1362 3533 1402 3604 li·

346 3648 423 3720 beri
435 3647 682 3745 gloriarentur,
694 3649 773 3720 etio
784 3650 884 3722 illum
894 3649 1079 3739 rebellare,
1094 3649 1235 3722 Christo
1241 3652 1400 3745 juvante,

346 3766 617 3838 meditarentur.
645 3765 763 3838 Puella
785 3780 938 3840 tremens
960 3783 995 3839 et
1016 3769 1186 3864 exanguis
1206 3793 1227 3838 a
1247 3767 1336 3839 facie
1352 3769 1404 3839 fu·

347 3883 455 3952 rentis
478 3879 630 3977 aufugit,
659 3881 785 3978 suique
808 3881 987 3952 conclavis
1011 3879 1163 3953 latebras
1189 3880 1347 3978 lugubris
1371 3897 1407 3952 et

346 3993 474 4093 pavida
498 3994 609 4092 petiit.
632 3998 794 4090 Cumque
808 4008 889 4094 post
905 3994 1041 4091 aliquot
1061 3994 1168 4066 horus
1192 3993 1406 4067 furibundus

345 4112 509 4209 princeps
523 4134 590 4208 pro
611 4110 781 4182 tribunali
797 4109 953 4198 sederet,
972 4135 1039 4182 nec
1055 4133 1175 4183 seeum
1194 4110 1262 4184 nisi
1282 4111 1406 4208 prusci-
