3256 5048
211 485 320 564 [roos]
577 481 695 542 ruat-:a
716 479 904 544 nneruus.
1236 485 1276 546 os

214 629 268 688 est
288 613 552 702 confabulatio,
572 628 607 686 et
631 615 756 713 ingens
774 611 883 685 ardor
906 609 941 684 id
960 611 1089 710 agendi
1110 613 1278 688 omnibus

214 731 326 802 crevit
334 728 755 827 multiloquiolandem,
768 725 1004 826 gaudentibus
1013 727 1137 800 amicis
1146 743 1182 801 et
1190 753 1278 803 eon·

215 843 440 932 sonantibus,
457 843 649 916 consilium
663 841 855 916 diffinitum
870 857 934 932 est,
953 847 1101 940 Deoque
1115 844 1275 940 juvante,

217 961 389 1032 Uticensis
415 959 559 1032 basilica
585 957 666 1032 idus
695 957 900 1030 novembris
929 957 985 1054 (l)
1016 956 1178 1030 dedicata
1210 974 1274 1032 est.

216 1081 293 1148 Hoc
311 1075 470 1148 officium
493 1090 564 1148 tres
581 1075 740 1176 episcopi
758 1073 1040 1146 celebraverunt.
1060 1073 1280 1147 Gislebertus

216 1192 313 1262 enim
330 1192 559 1264 Luxoviensis
573 1190 796 1264 consecravit
811 1187 1045 1288 principalem
1056 1213 1156 1260 aram
1169 1189 1206 1261 in
1217 1189 1281 1263 bo-

218 1331 306 1378 nore
319 1321 448 1378 sanctae
466 1306 532 1378 Dei
548 1304 726 1403 genitricis
739 1305 869 1394 lllariae,
889 1319 926 1376 et
936 1305 1048 1376 sancti
1063 1305 1156 1377 Petri
1175 1309 1282 1405 Apos-

219 1421 375 1494 tolorum
397 1421 588 1520 principis,
614 1445 656 1492 nc
683 1421 798 1494 sancti
826 1419 963 1493 Ebrulfi
990 1421 1221 1512 consessoris3
1246 1437 1283 1495 et

217 1535 436 1608 Gislebertus
455 1535 680 1608 Ebroicensis
700 1535 809 1608 altare
831 1535 877 1607 ad
903 1550 1065 1608 austrum
1083 1535 1121 1608 in
1142 1535 1282 1610 honore

218 1653 382 1724 omnium
406 1652 674 1752 apostolornm;
693 1652 793 1724 Serlo
817 1667 938 1724 autem
958 1677 1058 1725 aram
1079 1654 1115 1724 in
1143 1653 1283 1726 honore

219 1768 384 1839 omnium
409 1781 619 1864 martyrum.
649 1768 821 1864 Sequenti
846 1791 933 1840 vero
959 1767 1017 1839 die
1041 1767 1141 1840 Serlo
1167 1769 1286 1840 Cruci·

222 1879 332 1952 fixum
349 1881 549 1972 benedixit,
568 1896 604 1954 et
622 1881 732 1954 altare
755 1881 848 1954 illius
868 1883 906 1952 in
922 1881 1064 1955 bonore
1080 1883 1193 1956 sancti
1209 1883 1284 1954 Sal·

220 1998 370 2088 vatoris,
391 1999 575 2096 sanctique
598 1995 729 2094 AEgidii
751 1997 986 2087 confessoris,
1006 2013 1042 2069 et
1066 1997 1285 2071 Gislebertus

221 2111 445 2185 Ebroioensis
456 2138 555 2186 aram
567 2111 785 2186 matutinalis
796 2113 909 2184 missae
922 2112 1285 2185 inhonoreomnium

220 2230 445 2300 Sanctorum.
459 2229 636 2325 Denique,
649 2233 736 2300 xvu⁰
745 2227 915 2301 kalendas
929 2227 1148 2318 novembris,
1164 2228 1286 2301 Ebroi·

221 2344 336 2415 censis
357 2343 465 2415 heros
488 2344 535 2416 ad
556 2341 743 2416 meridiem
768 2342 878 2414 altare
901 2343 938 2414 in
961 2342 1102 2416 honore
1123 2343 1285 2415 omnium

221 2455 468 2528 consessorum
484 2452 734 2543 sanctificavit,
746 2469 799 2546 et,
815 2453 994 2553 completa
1004 2455 1118 2528 missae
1130 2453 1287 2528 celebra·
1360 2485 1366 2498 „

221 2568 339 2660 tione,
359 2569 397 2642 in
414 2570 610 2669 capitulum
626 2569 740 2656 venit,
760 2582 797 2640 et
817 2569 948 2641 sanctis
963 2569 1284 2660 exhortationibus,

222 2685 360 2782 piisque
390 2685 557 2783 precibus
586 2698 622 2757 et
648 2683 977 2768 benedictionibus,
1007 2686 1131 2758 fratres
1156 2687 1191 2756 in
1222 2686 1287 2757 Dei

222 2799 321 2872 cultu
339 2799 600 2872 corroboravit.
621 2804 660 2872 ln
683 2797 755 2871 fine
778 2825 863 2872 vero
885 2800 1046 2897 ejusdem
1063 2801 1166 2889 anni,
1186 2799 1287 2871 Serlo

223 2917 399 3012 Sagiensis
420 2939 519 2987 aram
541 2914 579 2984 in
602 2913 678 2986 aede
698 2914 968 3013 septentrionali
991 2922 1031 2987 11⁰
1053 2913 1224 2987 kalendas
1237 2915 1290 3011 ja·

224 3032 340 3102 nnarii
354 3031 410 3128 (2)
427 3028 606 3103 dedicavit
621 3029 658 3100 in
676 3029 818 3102 honore
835 3032 1000 3102 omnium
1017 3031 1209 3127 virginum.
1231 3032 1288 3104 Sic

223 3171 273 3218 ru
284 3145 407 3218 altaria
419 3145 475 3244 (3)
487 3146 592 3218 oertis
601 3143 729 3216 diebus
743 3144 1100 3218 reverenteratribus
1111 3147 1288 3246 episcopis

258 3426 298 3495 (l)
317 3425 353 3480 Le
366 3427 400 3480 13
411 3422 563 3478 novembre
577 3425 657 3479 1099.

258 3514 299 3581 (2)
315 3510 404 3567 Notre
416 3521 517 3566 auteur
531 3509 582 3565 tait
593 3525 771 3565 commencer
784 3509 820 3564 ici
833 3509 941 3565 l'anneo
952 3528 986 3564 au
1000 3515 1037 3566 Ρ*
1045 3510 1164 3582 janvien

259 3599 298 3672 (3)
318 3597 367 3656 On
384 3607 453 3672 peut
468 3615 497 3653 se
514 3597 616 3654 rendre
629 3607 741 3670 compte
752 3594 826 3651 dela
844 3597 978 3653 situation
990 3597 1026 3653 de
1041 3599 1081 3654 six
1093 3599 1129 3654 de
1144 3617 1189 3657 ces
1201 3602 1290 3656 autels

222 3685 299 3742 dela
312 3687 437 3743 muniere
451 3687 578 3742 suivante
593 3709 598 3739 ε
614 3685 639 3740 le
657 3684 746 3758 grand
764 3685 839 3740 autel
857 3685 941 3741 de'die
958 3689 973 3740 a
991 3685 1018 3742 la
1035 3689 1123 3744 sainte
1138 3689 1257 3764 vierge,
1276 3693 1291 3744 a

223 3777 297 3831 saint
307 3777 405 3831 Pierre
416 3786 446 3832 et
457 3779 473 3832 a
484 3776 557 3830 saint
569 3761 684 3829 Erroult
693 3775 823 3847 occupait
833 3774 859 3829 le
870 3775 938 3830 lond
949 3773 985 3830 de
998 3775 1111 3832 l’abside
1123 3779 1291 3852 principale;

222 3863 317 3919 l’antel
330 3862 379 3918 des
389 3863 511 3936 Apdtres
522 3861 638 3918 l'abside
651 3861 690 3917 du
702 3861 844 3918 collateral
858 3862 1040 3932 meridional3
1053 3864 1146 3922 l’autel
1160 3867 1208 3923 des
1219 3869 1293 3923 Mar·

223 3963 283 4025 tyrs
291 3951 407 4008 l'abside
417 3951 457 4006 du
466 3951 606 4008 collate'ral
617 3951 816 4024 septentrional
826 3975 833 4017 ;
845 3950 938 4006 l'autcl
951 3951 986 4006 de
999 3955 1071 4008 saint
1083 3953 1206 4011 Sauveur
1217 3969 1244 4010 rt
1257 3958 1292 4011 de

223 4042 298 4097 saint
308 4039 399 4097 Gilles
409 4041 479 4097 etait
490 4057 554 4096 sons
565 4039 591 4096 le
601 4039 716 4094 crucifix
727 4043 742 4094 l
755 4040 870 4096 l’entrde
879 4039 918 4094 du
930 4041 1043 4110 clamat-5
1055 4041 1147 4100 l’autel
1157 4044 1206 4098 des
1216 4045 1292 4100 Con-

221 4131 342 4186 testeum
360 4129 429 4186 dans
444 4129 472 4186 le
491 4141 630 4203 transsept
651 4129 834 4195 meridional;
854 4129 946 4185 l’autel
970 4131 1018 4186 ‹les
1040 4133 1159 4207 Viergrs
1176 4135 1245 4189 daus
1268 4134 1293 4189 le

223 4229 362 4291 uanssept
374 4218 584 4294 septentrional.
599 4219 621 4274 ll
637 4237 672 4274 ne
683 4228 756 4274 reate
769 4217 804 4274 de
816 4217 950 4278 difficulte'
963 4238 1018 4294 qne
1028 4239 1100 4296 pour
1111 4221 1204 4278 l'autel
1219 4223 1254 4279 de
1268 4223 1292 4280 la

298 4335 347 4380 ιν.
1138 4317 1159 4384 5
