2888 4934
189 110 399 193 [raserias]
530 109 649 173 aissa
669 109 913 179 nunscruns.
1186 117 1248 178 are

187 268 383 345 regemoe
396 268 464 345 pm
477 242 670 318 reddendis
681 242 953 336 munitionibus,
968 269 1060 344 quas
1071 248 1248 348 precipue

188 359 367 461 capiebat,
383 360 528 459 jejuniis
544 360 700 433 coerceri
714 360 832 458 jussit3
852 360 1010 459 reliquos
1027 387 1114 438 vero
1129 364 1248 438 diver-

189 477 237 551 ais
254 476 382 550 officiis
399 491 436 549 et
450 475 668 575 quotidianis
688 476 857 576 operibus
878 477 944 549 sub
965 480 1127 553 custodia
1143 506 1247 554 man·

188 592 333 692 cipavit.
362 592 502 665 Deinde
530 595 711 690 ingentem
738 593 930 664 exercitum
958 597 1178 692 aggregavit,
1214 611 1250 668 et

190 722 316 780 contra
338 707 652 799 Christianitatem‚
679 732 787 807 quam
813 709 889 781 sine
918 725 1054 783 rectore
1079 711 1246 811 putabat,

191 822 386 916 festinavit,
412 824 659 923 sardanasque
680 839 854 915 castrum,
877 825 976 922 quod
994 850 1108 926 prope
1125 829 1249 900 Antio·

192 936 308 1012 eluiem
334 954 406 1030 est,
433 941 571 1014 diutina
594 940 782 1014 obsidione
806 941 997 1031 coartavit;
1022 943 1107 1033 sed,
1132 943 1249 1016 sortis·

192 1054 283 1127 aimo
298 1079 381 1154 rege
401 1054 558 1129 Sabaoth
574 1080 659 1128 suos
674 1070 870 1129 castrenses
892 1056 1165 1149 corroborante,
1183 1057 1250 1131 ob·

193 1173 305 1246 tinere
321 1175 494 1273 nequivit.

237 1292 376 1363 interea
387 1288 899 1390 captivisatellitibusEthnicis
909 1290 1127 1382 serviebant;
1138 1317 1252 1365 unum

192 1401 321 1501 pedem
333 1404 442 1502 cippo
455 1406 651 1496 constricti,
670 1405 927 1504 imperantibus
939 1405 1247 1479 obsecundabant.

191 1520 328 1615 dquam
342 1518 388 1591 de
401 1520 583 1621 Euphrate
595 1545 659 1620 per
672 1545 786 1593 unum
799 1521 1002 1594 milliarium
1015 1521 1176 1619 quotidie
1190 1520 1254 1596 de-

191 1635 368 1728 terebant,
386 1654 423 1713 et
439 1641 506 1713 alia
522 1664 649 1741 opera,
670 1666 749 1740 quae
764 1641 831 1714 illis
848 1640 1139 1740 injungebantur,
1159 1639 1252 1713 bili·

191 1753 276 1825 riter
286 1753 474 1829 faciebant.
488 1756 647 1829 Gentiles
663 1782 748 1855 ergo
760 1782 836 1848 eos,
850 1757 959 1831 veluti
971 1757 1068 1830 bona
1075 1757 1250 1853 jumenta,

191 1866 385 1966 diligebant
403 1886 438 1944 et
455 1871 641 1946 affabiliter
661 1873 876 1964 tractabant,
900 1898 943 1946 ac
964 1888 1004 1947 ut
1027 1871 1147 1945 bonos
1166 1868 1253 1943 olli-

189 1984 297 2059 ciales
312 2000 350 2059 et
365 1989 562 2086 operarios,
580 2014 627 2062 ne
645 1988 856 2079 deficerent,
874 1988 1029 2063 ubertim
1045 1985 1251 2088 pascebant.

190 2099 295 2173 dolus
317 2116 436 2174 autem
458 2129 520 2176 rex
541 2104 735 2178 Balduinus
760 2121 796 2178 et
816 2104 1014 2177 Josceiinus
1034 2104 1252 2191 otiabantur,

191 2215 254 2289 red
277 2214 426 2290 sollicite
450 2219 696 2292 servabantur.
721 2224 796 2292 Res
819 2244 983 2318 quoque,
1001 2222 1102 2316 jussu
1126 2215 1252 2304 Balad,

191 2328 375 2405 dominico
392 2349 428 2406 et
444 2332 530 2407 feria
547 2336 669 2432 quinta
689 2335 943 2409 tantummodo
965 2336 1001 2406 in
1025 2331 1255 2405 hebdomada

192 2446 447 2537 manducabat;
469 2465 505 2520 et
525 2465 611 2521 tunc
630 2465 809 2523 trecentos
829 2448 1087 2549 quinquaginta
1106 2445 1252 2534 milites,

192 2562 434 2637 aratodientes
449 2589 500 2656 se,
519 2567 698 2666 pascebat.
719 2569 863 2640 Cunctis
879 2568 986 2639 etiam
1001 2561 1257 2637 consodalibus

193 2679 262 2750 mis
276 2693 313 2750 et
323 2680 471 2777 captivis
484 2706 529 2752 η
540 2707 631 2779 quos
646 2683 882 2755 incarceratos
895 2683 1094 2769 invenerat,
1111 2676 1256 2750 abunde

193 2792 340 2884 rictum,
355 2808 428 2865 tam
443 2819 510 2894 pro
526 2796 636 2893 regali
653 2795 910 2885 munificentia,
929 2819 1038 2893 quam
1052 2817 1120 2892 pro
1135 2793 1256 2864 lavore

194 2906 384 2979 mnodum
391 2910 649 3009 comparando,
660 2910 841 3009 erogabat.
853 2908 1041 3009 Dap'silitas
1048 2905 1257 3005 hujusmodi

194 3021 347 3097 multum
364 3023 433 3097 illis
449 3027 614 3100 contulit.
634 3027 777 3100 Ethnici
794 3027 891 3099 enim
907 3024 1038 3098 milites
1057 3048 1119 3096 eos
1137 3021 1257 3094 hono·

194 3136 289 3211 rifiee
311 3138 517 3230 servabant,
541 3157 576 3214 et
596 3158 721 3215 contra
743 3157 960 3240 preceptum
983 3139 1092 3213 Balad
1117 3135 1257 3210 occulte

194 3256 314 3351 regem
330 3254 486 3353 copiosis
499 3254 653 3354 dapibus
670 3256 874 3354 frequenter
887 3254 1076 3329 satiabant.
1096 3252 1257 3324 Admira-

194 3360 614 3469 liusdeCaloiambar(l),
623 3386 770 3470 patruus
779 3372 900 3447 uxoris
908 3373 997 3469 ejus,
1005 3395 1089 3443 eum
1092 3366 1257 3467 juvabat,

194 3482 254 3580 qni
271 3482 419 3581 singilis
432 3486 638 3584 septimanis
653 3501 799 3558 centum
813 3485 998 3559 bizanteos
1014 3487 1047 3559 ei
1064 3481 1239 3556 mittebat.

1210 3665 1253 3677 -α

228 3769 275 3838 (i).
285 3766 504 3823 Calcat—Gieber
520 3786 557 3823 ou
573 3768 748 3842 Calgembar,
767 3770 943 3826 c’ert-t-dioe
956 3769 1073 3824 chiteau
1088 3765 1124 3819 de
1139 3761 1258 3827 Gisbar,

198 3853 341 3913 lurtereaae
353 3859 458 3913 voisine
468 3857 504 3913 de
515 3858 686 3932 l'Euphrate.
