<?xml version="1.0" encoding="UTF-8"?>
<!DOCTYPE html PUBLIC "-//W3C//DTD XHTML 1.0 Transitional//EN"
    "http://www.w3.org/TR/xhtml1/DTD/xhtml1-transitional.dtd">
<html xmlns="http://www.w3.org/1999/xhtml" xml:lang="en" lang="en">
 <head>
  <title>
</title>
<meta http-equiv="Content-Type" content="text/html;charset=utf-8" />
  <meta name='ocr-system' content='tesseract 3.04.00' />
  <meta name='ocr-capabilities' content='ocr_page ocr_carea ocr_par ocr_line ocrx_word'/>
</head>
<body>
  <div class='ocr_page' id='page_1' title='image "./ordericivitalis07deligoog_0054.png"; bbox 0 0 2888 4934; ppageno 0'>
   <div class='ocr_carea' id='block_1_1' title="bbox 110 378 1165 502">
    <p class='ocr_par' dir='ltr' id='par_1_1' title="bbox 110 378 1165 502">
     <span class='ocr_line' id='line_1_1' title="bbox 110 378 1165 502; baseline -0.008 -17"><span class='ocrx_word' id='word_1_1' title='bbox 110 425 219 502; x_wconf 77' lang='lat' dir='ltr'><strong>[ross]</strong></span> <span class='ocrx_word' id='word_1_2' title='bbox 287 378 289 382; x_wconf 5' lang='grc' dir='ltr'>ὗ</span> <span class='ocrx_word' id='word_1_3' title='bbox 481 418 599 481; x_wconf 82' lang='lat' dir='ltr'><strong>unm</strong></span> <span class='ocrx_word' id='word_1_4' title='bbox 619 418 805 482; x_wconf 82' lang='lat' dir='ltr'><strong>nunnus.</strong></span> <span class='ocrx_word' id='word_1_5' title='bbox 1129 416 1165 478; x_wconf 83' lang='lat' dir='ltr'><strong>n</strong></span> 
     </span>
    </p>
   </div>
   <div class='ocr_carea' id='block_1_2' title="bbox 107 549 1177 3549">
    <p class='ocr_par' dir='ltr' id='par_1_2' title="bbox 109 549 1174 1670">
     <span class='ocr_line' id='line_1_2' title="bbox 110 549 1172 652; baseline -0.005 -25"><span class='ocrx_word' id='word_1_6' title='bbox 110 553 270 627; x_wconf 85' lang='lat' dir='ltr'><strong>bestialis</strong></span> <span class='ocrx_word' id='word_1_7' title='bbox 281 552 419 624; x_wconf 83' lang='lat' dir='ltr'><strong>saevitiae</strong></span> <span class='ocrx_word' id='word_1_8' title='bbox 431 552 593 644; x_wconf 89' lang='lat' dir='ltr'><strong>colonos,</strong></span> <span class='ocrx_word' id='word_1_9' title='bbox 613 555 807 652; x_wconf 84' lang='lat' dir='ltr'><strong>vicinisque</strong></span> <span class='ocrx_word' id='word_1_10' title='bbox 818 553 890 625; x_wconf 92' lang='lat' dir='ltr'><strong>suis</strong></span> <span class='ocrx_word' id='word_1_11' title='bbox 904 550 1089 623; x_wconf 85' lang='lat' dir='ltr'><strong>malefidos</strong></span> <span class='ocrx_word' id='word_1_12' title='bbox 1099 549 1172 623; x_wconf 75' lang='lat' dir='ltr'><strong>col-</strong></span> 
     </span>
     <span class='ocr_line' id='line_1_3' title="bbox 109 668 1169 768; baseline -0.004 -26"><span class='ocrx_word' id='word_1_13' title='bbox 109 668 254 756; x_wconf 88' lang='lat' dir='ltr'><strong>locavit,</strong></span> <span class='ocrx_word' id='word_1_14' title='bbox 275 693 340 767; x_wconf 94' lang='lat' dir='ltr'><strong>per</strong></span> <span class='ocrx_word' id='word_1_15' title='bbox 355 693 447 765; x_wconf 91' lang='lat' dir='ltr'><strong>quos</strong></span> <span class='ocrx_word' id='word_1_16' title='bbox 463 672 669 768; x_wconf 77' lang='lat' dir='ltr'><strong>arrogantiae</strong></span> <span class='ocrx_word' id='word_1_17' title='bbox 687 695 758 742; x_wconf 87' lang='lat' dir='ltr'><strong>suae</strong></span> <span class='ocrx_word' id='word_1_18' title='bbox 776 668 951 760; x_wconf 75' lang='lat' dir='ltr'><strong>satisfecit,</strong></span> <span class='ocrx_word' id='word_1_19' title='bbox 967 682 1003 741; x_wconf 87' lang='lat' dir='ltr'><strong>et</strong></span> <span class='ocrx_word' id='word_1_20' title='bbox 1013 682 1169 740; x_wconf 88' lang='lat' dir='ltr'><strong>atrocem</strong></span> 
     </span>
     <span class='ocr_line' id='line_1_4' title="bbox 111 784 1168 885; baseline -0.005 -26"><span class='ocrx_word' id='word_1_21' title='bbox 111 810 278 885; x_wconf 83' lang='lat' dir='ltr'>guerram</span> <span class='ocrx_word' id='word_1_22' title='bbox 297 785 335 856; x_wconf 93' lang='lat' dir='ltr'><strong>in</strong></span> <span class='ocrx_word' id='word_1_23' title='bbox 358 788 609 858; x_wconf 86' lang='lat' dir='ltr'><strong>Cenomannos</strong></span> <span class='ocrx_word' id='word_1_24' title='bbox 625 787 795 858; x_wconf 83' lang='lat' dir='ltr'><strong>exercuit.</strong></span> <span class='ocrx_word' id='word_1_25' title='bbox 816 789 855 855; x_wconf 94' lang='lat' dir='ltr'><strong>ln</strong></span> <span class='ocrx_word' id='word_1_26' title='bbox 873 784 1168 881; x_wconf 86' lang='lat' dir='ltr'><strong>Quadragesima‚</strong></span> 
     </span>
     <span class='ocr_line' id='line_1_5' title="bbox 110 898 1168 1000; baseline -0.004 -27"><span class='ocrx_word' id='word_1_27' title='bbox 110 900 200 973; x_wconf 89' lang='lat' dir='ltr'><strong>dum</strong></span> <span class='ocrx_word' id='word_1_28' title='bbox 217 915 423 1000; x_wconf 77' lang='lat' dir='ltr'>peccatores</span> <span class='ocrx_word' id='word_1_29' title='bbox 444 901 580 973; x_wconf 84' lang='lat' dir='ltr'><strong>coelitus</strong></span> <span class='ocrx_word' id='word_1_30' title='bbox 597 899 804 999; x_wconf 74' lang='lat' dir='ltr'><strong>compuncti</strong></span> <span class='ocrx_word' id='word_1_31' title='bbox 822 923 931 998; x_wconf 88' lang='lat' dir='ltr'><strong>prava</strong></span> <span class='ocrx_word' id='word_1_32' title='bbox 949 898 1168 998; x_wconf 88' lang='lat' dir='ltr'><strong>relinquunt,</strong></span> 
     </span>
     <span class='ocr_line' id='line_1_6' title="bbox 110 1015 1172 1116; baseline -0.003 -27"><span class='ocrx_word' id='word_1_33' title='bbox 110 1040 153 1090; x_wconf 83' lang='lat' dir='ltr'><strong>ac</strong></span> <span class='ocrx_word' id='word_1_34' title='bbox 169 1016 217 1090; x_wconf 84' lang='lat' dir='ltr'><strong>ad</strong></span> <span class='ocrx_word' id='word_1_35' title='bbox 242 1016 542 1089; x_wconf 83' lang='lat' dir='ltr'><strong>medicamentum</strong></span> <span class='ocrx_word' id='word_1_36' title='bbox 566 1017 780 1116; x_wconf 69' lang='lat' dir='ltr'><strong>poenitentiae</strong></span> <span class='ocrx_word' id='word_1_37' title='bbox 804 1040 871 1114; x_wconf 92' lang='lat' dir='ltr'><strong>pro</strong></span> <span class='ocrx_word' id='word_1_38' title='bbox 891 1015 1075 1086; x_wconf 85' lang='lat' dir='ltr'><strong>transactis</strong></span> <span class='ocrx_word' id='word_1_39' title='bbox 1097 1038 1172 1086; x_wconf 88' lang='lat' dir='ltr'><strong>sce·</strong></span> 
     </span>
     <span class='ocr_line' id='line_1_7' title="bbox 111 1131 1172 1233; baseline -0.002 -27"><span class='ocrx_word' id='word_1_40' title='bbox 111 1133 245 1207; x_wconf 88' lang='lat' dir='ltr'><strong>leribus</strong></span> <span class='ocrx_word' id='word_1_41' title='bbox 270 1134 398 1233; x_wconf 83' lang='lat' dir='ltr'><strong>trepidi</strong></span> <span class='ocrx_word' id='word_1_42' title='bbox 420 1134 649 1232; x_wconf 76' lang='lat' dir='ltr'><strong>confugiunt,</strong></span> <span class='ocrx_word' id='word_1_43' title='bbox 676 1135 712 1205; x_wconf 91' lang='lat' dir='ltr'><strong>in</strong></span> <span class='ocrx_word' id='word_1_44' title='bbox 729 1158 871 1206; x_wconf 89' lang='lat' dir='ltr'><strong>carcere</strong></span> <span class='ocrx_word' id='word_1_45' title='bbox 896 1131 1065 1204; x_wconf 76' lang='lat' dir='ltr'><strong>uodbeui</strong></span> <span class='ocrx_word' id='word_1_46' title='bbox 1090 1132 1172 1229; x_wconf 88' lang='lat' dir='ltr'><strong>plus</strong></span> 
     </span>
     <span class='ocr_line' id='line_1_8' title="bbox 110 1248 1172 1349; baseline -0.002 -25"><span class='ocrx_word' id='word_1_47' title='bbox 110 1273 222 1349; x_wconf 86' lang='lat' dir='ltr'><strong>quarn</strong></span> <span class='ocrx_word' id='word_1_48' title='bbox 237 1252 386 1323; x_wconf 84' lang='lat' dir='ltr'><strong>trecenti</strong></span> <span class='ocrx_word' id='word_1_49' title='bbox 403 1249 573 1323; x_wconf 90' lang='lat' dir='ltr'><strong>vinculati</strong></span> <span class='ocrx_word' id='word_1_50' title='bbox 590 1253 785 1349; x_wconf 87' lang='lat' dir='ltr'><strong>perierunt.</strong></span> <span class='ocrx_word' id='word_1_51' title='bbox 803 1250 874 1337; x_wconf 87' lang='lat' dir='ltr'><strong>Qui</strong></span> <span class='ocrx_word' id='word_1_52' title='bbox 892 1248 1042 1321; x_wconf 88' lang='lat' dir='ltr'><strong>multam</strong></span> <span class='ocrx_word' id='word_1_53' title='bbox 1062 1250 1095 1322; x_wconf 90' lang='lat' dir='ltr'><strong>ci</strong></span> <span class='ocrx_word' id='word_1_54' title='bbox 1112 1275 1172 1349; x_wconf 92' lang='lat' dir='ltr'><strong>pe·</strong></span> 
     </span>
     <span class='ocr_line' id='line_1_9' title="bbox 111 1365 1172 1464; baseline 0.001 -27"><span class='ocrx_word' id='word_1_55' title='bbox 111 1366 258 1438; x_wconf 75' lang='lat' dir='ltr'><strong>muniam</strong></span> <span class='ocrx_word' id='word_1_56' title='bbox 273 1390 339 1464; x_wconf 91' lang='lat' dir='ltr'><strong>pro</strong></span> <span class='ocrx_word' id='word_1_57' title='bbox 356 1365 468 1438; x_wconf 89' lang='lat' dir='ltr'><strong>salute</strong></span> <span class='ocrx_word' id='word_1_58' title='bbox 486 1390 549 1438; x_wconf 89' lang='lat' dir='ltr'><strong>sua</strong></span> <span class='ocrx_word' id='word_1_59' title='bbox 567 1365 795 1456; x_wconf 83' lang='lat' dir='ltr'><strong>obtulerunt3</strong></span> <span class='ocrx_word' id='word_1_60' title='bbox 816 1366 900 1456; x_wconf 91' lang='lat' dir='ltr'><strong>sed,</strong></span> <span class='ocrx_word' id='word_1_61' title='bbox 918 1365 1110 1438; x_wconf 89' lang='lat' dir='ltr'><strong>crudeliter</strong></span> <span class='ocrx_word' id='word_1_62' title='bbox 1125 1365 1172 1438; x_wconf 86' lang='lat' dir='ltr'><strong>ab</strong></span> 
     </span>
     <span class='ocr_line' id='line_1_10' title="bbox 110 1479 1174 1580; baseline 0.002 -28"><span class='ocrx_word' id='word_1_63' title='bbox 110 1505 156 1552; x_wconf 91' lang='lat' dir='ltr'><strong>eo</strong></span> <span class='ocrx_word' id='word_1_64' title='bbox 175 1482 392 1579; x_wconf 86' lang='lat' dir='ltr'><strong>contempti,</strong></span> <span class='ocrx_word' id='word_1_65' title='bbox 412 1480 505 1553; x_wconf 87' lang='lat' dir='ltr'><strong>farne</strong></span> <span class='ocrx_word' id='word_1_66' title='bbox 521 1494 557 1553; x_wconf 89' lang='lat' dir='ltr'><strong>et</strong></span> <span class='ocrx_word' id='word_1_67' title='bbox 572 1479 711 1579; x_wconf 86' lang='lat' dir='ltr'><strong>algore,</strong></span> <span class='ocrx_word' id='word_1_68' title='bbox 733 1482 879 1580; x_wconf 85' lang='lat' dir='ltr'><strong>aliisque</strong></span> <span class='ocrx_word' id='word_1_69' title='bbox 900 1482 1048 1553; x_wconf 86' lang='lat' dir='ltr'><strong>miseriis</strong></span> <span class='ocrx_word' id='word_1_70' title='bbox 1064 1481 1174 1554; x_wconf 64' lang='lat' dir='ltr'><strong>inter</strong></span> 
     </span>
     <span class='ocr_line' id='line_1_11' title="bbox 110 1599 243 1670; baseline 0.008 -2"><span class='ocrx_word' id='word_1_71' title='bbox 110 1599 243 1670; x_wconf 85' lang='lat' dir='ltr'><strong>ierunt.</strong></span> 
     </span>
    </p>

    <p class='ocr_par' dir='ltr' id='par_1_3' title="bbox 110 1710 1177 3289">
     <span class='ocr_line' id='line_1_12' title="bbox 160 1710 1170 1813; baseline 0 -29"><span class='ocrx_word' id='word_1_72' title='bbox 160 1711 191 1811; x_wconf 88' lang='lat' dir='ltr'><strong>[l</strong></span> <span class='ocrx_word' id='word_1_73' title='bbox 200 1712 304 1812; x_wconf 62' lang='lat' dir='ltr'><strong>ost]</strong></span> <span class='ocrx_word' id='word_1_74' title='bbox 327 1714 389 1786; x_wconf 88' lang='lat' dir='ltr'><strong>His</strong></span> <span class='ocrx_word' id='word_1_75' title='bbox 409 1713 650 1813; x_wconf 83' lang='lat' dir='ltr'><strong>temporibus,</strong></span> <span class='ocrx_word' id='word_1_76' title='bbox 674 1712 883 1786; x_wconf 88' lang='lat' dir='ltr'><strong>venerabilis</strong></span> <span class='ocrx_word' id='word_1_77' title='bbox 903 1713 983 1784; x_wconf 85' lang='lat' dir='ltr'><strong>vitae</strong></span> <span class='ocrx_word' id='word_1_78' title='bbox 1006 1710 1170 1802; x_wconf 71' lang='lat' dir='ltr'><strong>Hoellus,</strong></span> 
     </span>
     <span class='ocr_line' id='line_1_13' title="bbox 111 1828 1173 1928; baseline 0 -28"><span class='ocrx_word' id='word_1_79' title='bbox 111 1853 243 1926; x_wconf 82' lang='lat' dir='ltr'><strong>genere</strong></span> <span class='ocrx_word' id='word_1_80' title='bbox 267 1830 385 1920; x_wconf 89' lang='lat' dir='ltr'><strong>Brito,</strong></span> <span class='ocrx_word' id='word_1_81' title='bbox 412 1832 730 1902; x_wconf 89' lang='lat' dir='ltr'><strong>Cenomannorum</strong></span> <span class='ocrx_word' id='word_1_82' title='bbox 755 1831 961 1928; x_wconf 91' lang='lat' dir='ltr'><strong>episcopus,</strong></span> <span class='ocrx_word' id='word_1_83' title='bbox 984 1828 1173 1901; x_wconf 78' lang='lat' dir='ltr'><strong>defunctus</strong></span> 
     </span>
     <span class='ocr_line' id='line_1_14' title="bbox 111 1942 1171 2042; baseline 0.004 -26"><span class='ocrx_word' id='word_1_84' title='bbox 111 1958 165 2016; x_wconf 87' lang='lat' dir='ltr'><strong>est</strong></span> <span class='ocrx_word' id='word_1_85' title='bbox 176 1942 209 2039; x_wconf 87' lang='lat' dir='ltr'><strong>(l</strong></span> <span class='ocrx_word' id='word_1_86' title='bbox 220 1943 247 2039; x_wconf 88' lang='lat'><strong>).</strong></span> <span class='ocrx_word' id='word_1_87' title='bbox 264 1943 382 2017; x_wconf 90' lang='lat' dir='ltr'><strong>Helias</strong></span> <span class='ocrx_word' id='word_1_88' title='bbox 395 1960 514 2017; x_wconf 89' lang='lat' dir='ltr'><strong>autem</strong></span> <span class='ocrx_word' id='word_1_89' title='bbox 528 1969 649 2018; x_wconf 89' lang='lat' dir='ltr'><strong>comes</strong></span> <span class='ocrx_word' id='word_1_90' title='bbox 658 1944 887 2017; x_wconf 81' lang='lat' dir='ltr'><strong>Goislredum</strong></span> <span class='ocrx_word' id='word_1_91' title='bbox 906 1945 1085 2016; x_wconf 75' lang='lat' dir='ltr'><strong>britonem</strong></span> <span class='ocrx_word' id='word_1_92' title='bbox 1101 1943 1171 2042; x_wconf 83' lang='lat'><strong>(2),</strong></span> 
     </span>
     <span class='ocr_line' id='line_1_15' title="bbox 111 2057 1174 2160; baseline 0.001 -28"><span class='ocrx_word' id='word_1_93' title='bbox 111 2057 292 2132; x_wconf 83' lang='lat' dir='ltr'><strong>decenum</strong></span> <span class='ocrx_word' id='word_1_94' title='bbox 302 2060 463 2159; x_wconf 88' lang='lat' dir='ltr'><strong>ejusdem</strong></span> <span class='ocrx_word' id='word_1_95' title='bbox 477 2059 644 2150; x_wconf 87' lang='lat' dir='ltr'><strong>ecclesiae,</strong></span> <span class='ocrx_word' id='word_1_96' title='bbox 659 2061 705 2134; x_wconf 87' lang='lat' dir='ltr'><strong>ad</strong></span> <span class='ocrx_word' id='word_1_97' title='bbox 718 2062 963 2160; x_wconf 89' lang='lat' dir='ltr'><strong>episcopatum</strong></span> <span class='ocrx_word' id='word_1_98' title='bbox 976 2059 1097 2160; x_wconf 80' lang='lat' dir='ltr'><strong>elegit;</strong></span> <span class='ocrx_word' id='word_1_99' title='bbox 1111 2059 1174 2133; x_wconf 92' lang='lat' dir='ltr'><strong>sed</strong></span> 
     </span>
     <span class='ocr_line' id='line_1_16' title="bbox 110 2174 1176 2274; baseline 0.001 -29"><span class='ocrx_word' id='word_1_100' title='bbox 110 2175 331 2272; x_wconf 77' lang='lat' dir='ltr'><strong>preveniens</strong></span> <span class='ocrx_word' id='word_1_101' title='bbox 353 2174 469 2248; x_wconf 91' lang='lat' dir='ltr'><strong>clerus</strong></span> <span class='ocrx_word' id='word_1_102' title='bbox 489 2175 735 2249; x_wconf 87' lang='lat' dir='ltr'><strong>Hildebertum</strong></span> <span class='ocrx_word' id='word_1_103' title='bbox 756 2176 802 2248; x_wconf 90' lang='lat' dir='ltr'><strong>dc</strong></span> <span class='ocrx_word' id='word_1_104' title='bbox 818 2177 1009 2249; x_wconf 82' lang='lat' dir='ltr'><strong>lavarceio</strong></span> <span class='ocrx_word' id='word_1_105' title='bbox 1027 2176 1100 2274; x_wconf 82' lang='lat'><strong>(3),</strong></span> <span class='ocrx_word' id='word_1_106' title='bbox 1119 2201 1176 2248; x_wconf 82' lang='lat' dir='ltr'><strong>ar·</strong></span> 
     </span>
     <span class='ocr_line' id='line_1_17' title="bbox 110 2288 1172 2391; baseline 0.003 -29"><span class='ocrx_word' id='word_1_107' title='bbox 110 2288 375 2381; x_wconf 88' lang='lat' dir='ltr'><strong>chidiaconem,</strong></span> <span class='ocrx_word' id='word_1_108' title='bbox 387 2292 425 2364; x_wconf 92' lang='lat' dir='ltr'><strong>in</strong></span> <span class='ocrx_word' id='word_1_109' title='bbox 437 2291 607 2364; x_wconf 89' lang='lat' dir='ltr'><strong>cathedra</strong></span> <span class='ocrx_word' id='word_1_110' title='bbox 615 2291 812 2391; x_wconf 87' lang='lat' dir='ltr'><strong>pontificali</strong></span> <span class='ocrx_word' id='word_1_111' title='bbox 822 2291 978 2365; x_wconf 89' lang='lat' dir='ltr'><strong>residere</strong></span> <span class='ocrx_word' id='word_1_112' title='bbox 987 2290 1172 2390; x_wconf 89' lang='lat' dir='ltr'><strong>compulit,</strong></span> 
     </span>
     <span class='ocr_line' id='line_1_18' title="bbox 111 2403 1176 2507; baseline 0.003 -32"><span class='ocrx_word' id='word_1_113' title='bbox 111 2417 160 2494; x_wconf 90' lang='lat' dir='ltr'><strong>et,</strong></span> <span class='ocrx_word' id='word_1_114' title='bbox 176 2403 256 2476; x_wconf 75' lang='lat' dir='ltr'><strong>altae</strong></span> <span class='ocrx_word' id='word_1_115' title='bbox 271 2407 369 2478; x_wconf 88' lang='lat' dir='ltr'><strong>vocis</strong></span> <span class='ocrx_word' id='word_1_116' title='bbox 382 2431 464 2478; x_wconf 91' lang='lat' dir='ltr'><strong>cum</strong></span> <span class='ocrx_word' id='word_1_117' title='bbox 474 2406 685 2503; x_wconf 88' lang='lat' dir='ltr'><strong>jubilatione</strong></span> <span class='ocrx_word' id='word_1_118' title='bbox 699 2407 910 2507; x_wconf 84' lang='lat' dir='ltr'><strong>tripudians,</strong></span> <span class='ocrx_word' id='word_1_119' title='bbox 926 2409 1081 2480; x_wconf 88' lang='lat' dir='ltr'><strong>cantavit</strong></span> <span class='ocrx_word' id='word_1_120' title='bbox 1097 2437 1107 2479; x_wconf 77' lang='lat' dir='ltr'><strong><em>z</em></strong></span> <span class='ocrx_word' id='word_1_121' title='bbox 1128 2411 1176 2479; x_wconf 86' lang='lat' dir='ltr'><strong>Tc</strong></span> 
     </span>
     <span class='ocr_line' id='line_1_19' title="bbox 110 2521 1177 2623; baseline 0.004 -31"><span class='ocrx_word' id='word_1_122' title='bbox 110 2526 229 2592; x_wconf 84' lang='lat' dir='ltr'><strong>Deum</strong></span> <span class='ocrx_word' id='word_1_123' title='bbox 248 2521 445 2612; x_wconf 66' lang='lat' dir='ltr'><strong>mudum,</strong></span> <span class='ocrx_word' id='word_1_124' title='bbox 463 2538 499 2596; x_wconf 93' lang='lat' dir='ltr'><strong>et</strong></span> <span class='ocrx_word' id='word_1_125' title='bbox 511 2539 635 2597; x_wconf 65' lang='lat' dir='ltr'><strong>caetera</strong></span> <span class='ocrx_word' id='word_1_126' title='bbox 652 2550 731 2623; x_wconf 87' lang='lat' dir='ltr'><strong>quae</strong></span> <span class='ocrx_word' id='word_1_127' title='bbox 748 2551 833 2597; x_wconf 89' lang='lat' dir='ltr'><strong>usus</strong></span> <span class='ocrx_word' id='word_1_128' title='bbox 851 2525 888 2596; x_wconf 94' lang='lat' dir='ltr'><strong>in</strong></span> <span class='ocrx_word' id='word_1_129' title='bbox 905 2523 1079 2597; x_wconf 87' lang='lat' dir='ltr'><strong>electione</strong></span> <span class='ocrx_word' id='word_1_130' title='bbox 1091 2549 1177 2623; x_wconf 85' lang='lat' dir='ltr'><strong>prae·</strong></span> 
     </span>
     <span class='ocr_line' id='line_1_20' title="bbox 110 2637 1173 2738; baseline 0.001 -29"><span class='ocrx_word' id='word_1_131' title='bbox 110 2637 198 2710; x_wconf 81' lang='lat' dir='ltr'><strong>aulis</strong></span> <span class='ocrx_word' id='word_1_132' title='bbox 211 2641 370 2737; x_wconf 82' lang='lat' dir='ltr'><strong>exposcit</strong></span> <span class='ocrx_word' id='word_1_133' title='bbox 386 2639 654 2714; x_wconf 86' lang='lat' dir='ltr'><strong>ecclesiasticus.</strong></span> <span class='ocrx_word' id='word_1_134' title='bbox 669 2641 777 2729; x_wconf 89' lang='lat' dir='ltr'><strong>Quod</strong></span> <span class='ocrx_word' id='word_1_135' title='bbox 792 2640 908 2712; x_wconf 85' lang='lat' dir='ltr'><strong>Helias</strong></span> <span class='ocrx_word' id='word_1_136' title='bbox 921 2655 960 2712; x_wconf 86' lang='lat' dir='ltr'><strong>ut</strong></span> <span class='ocrx_word' id='word_1_137' title='bbox 973 2639 1173 2738; x_wconf 88' lang='lat' dir='ltr'><strong>comperiit,</strong></span> 
     </span>
     <span class='ocr_line' id='line_1_21' title="bbox 111 2752 1176 2848; baseline 0 -22"><span class='ocrx_word' id='word_1_138' title='bbox 111 2752 218 2827; x_wconf 88' lang='lat' dir='ltr'><strong>valde</strong></span> <span class='ocrx_word' id='word_1_139' title='bbox 238 2756 365 2848; x_wconf 90' lang='lat' dir='ltr'><strong>iratus,</strong></span> <span class='ocrx_word' id='word_1_140' title='bbox 390 2758 552 2829; x_wconf 88' lang='lat' dir='ltr'><strong>resistere</strong></span> <span class='ocrx_word' id='word_1_141' title='bbox 579 2756 704 2829; x_wconf 86' lang='lat' dir='ltr'><strong>voluit.</strong></span> <span class='ocrx_word' id='word_1_142' title='bbox 735 2756 805 2829; x_wconf 87' lang='lat' dir='ltr'><strong>Sed</strong></span> <span class='ocrx_word' id='word_1_143' title='bbox 822 2754 958 2829; x_wconf 91' lang='lat' dir='ltr'><strong>clericis</strong></span> <span class='ocrx_word' id='word_1_144' title='bbox 976 2753 1176 2826; x_wconf 89' lang='lat' dir='ltr'><strong>dicentibus</strong></span> 
     </span>
     <span class='ocr_line' id='line_1_22' title="bbox 111 2868 1176 2969; baseline -0.001 -27"><span class='ocrx_word' id='word_1_145' title='bbox 111 2869 187 2942; x_wconf 82' lang='lat' dir='ltr'><strong>illi:</strong></span> <span class='ocrx_word' id='word_1_146' title='bbox 208 2871 423 2943; x_wconf 78' lang='lat' dir='ltr'><strong>Electiorwm</strong></span> <span class='ocrx_word' id='word_1_147' title='bbox 439 2888 536 2943; x_wconf 81' lang='lat' dir='ltr'><strong>tuam</strong></span> <span class='ocrx_word' id='word_1_148' title='bbox 549 2873 789 2944; x_wconf 69' lang='lat' dir='ltr'><strong>ecclesiastice</strong></span> <span class='ocrx_word' id='word_1_149' title='bbox 801 2870 976 2969; x_wconf 82' lang='lat' dir='ltr'><strong>praescrre</strong></span> <span class='ocrx_word' id='word_1_150' title='bbox 989 2894 1060 2939; x_wconf 85' lang='lat' dir='ltr'><strong>non</strong></span> <span class='ocrx_word' id='word_1_151' title='bbox 1076 2868 1176 2941; x_wconf 68' lang='lat' dir='ltr'><strong>debes</strong></span> 
     </span>
     <span class='ocr_line' id='line_1_23' title="bbox 110 2986 1177 3087; baseline 0.001 -30"><span class='ocrx_word' id='word_1_152' title='bbox 110 2987 286 3079; x_wconf 71' lang='lat' dir='ltr'><strong>electrum,</strong></span> <span class='ocrx_word' id='word_1_153' title='bbox 305 2989 489 3078; x_wconf 90' lang='lat' dir='ltr'><strong>reveritus,</strong></span> <span class='ocrx_word' id='word_1_154' title='bbox 504 2990 589 3087; x_wconf 87' lang='lat' dir='ltr'><strong>quia</strong></span> <span class='ocrx_word' id='word_1_155' title='bbox 604 2993 720 3061; x_wconf 91' lang='lat' dir='ltr'><strong>Deum</strong></span> <span class='ocrx_word' id='word_1_156' title='bbox 738 2987 896 3075; x_wconf 89' lang='lat' dir='ltr'><strong>timebat,</strong></span> <span class='ocrx_word' id='word_1_157' title='bbox 917 2986 1034 3077; x_wconf 87' lang='lat' dir='ltr'><strong>silult;</strong></span> <span class='ocrx_word' id='word_1_158' title='bbox 1055 3000 1109 3075; x_wconf 88' lang='lat' dir='ltr'><strong>et,</strong></span> <span class='ocrx_word' id='word_1_159' title='bbox 1128 3010 1177 3058; x_wconf 89' lang='lat' dir='ltr'><strong>ne</strong></span> 
     </span>
     <span class='ocr_line' id='line_1_24' title="bbox 111 3097 1176 3191; baseline 0.002 -20"><span class='ocrx_word' id='word_1_160' title='bbox 111 3097 244 3174; x_wconf 84' lang='lat' dir='ltr'><strong>lethale</strong></span> <span class='ocrx_word' id='word_1_161' title='bbox 266 3103 303 3175; x_wconf 93' lang='lat' dir='ltr'><strong>in</strong></span> <span class='ocrx_word' id='word_1_162' title='bbox 320 3103 491 3176; x_wconf 88' lang='lat' dir='ltr'><strong>membris</strong></span> <span class='ocrx_word' id='word_1_163' title='bbox 511 3104 673 3177; x_wconf 84' lang='lat' dir='ltr'><strong>Ecclesiae</strong></span> <span class='ocrx_word' id='word_1_164' title='bbox 690 3102 844 3175; x_wconf 89' lang='lat' dir='ltr'><strong>schisma</strong></span> <span class='ocrx_word' id='word_1_165' title='bbox 861 3101 975 3191; x_wconf 81' lang='lat' dir='ltr'><strong>lieret,</strong></span> <span class='ocrx_word' id='word_1_166' title='bbox 994 3102 1176 3175; x_wconf 86' lang='lat' dir='ltr'><strong>canonicis</strong></span> 
     </span>
     <span class='ocr_line' id='line_1_25' title="bbox 111 3217 1037 3289; baseline 0.009 -1"><span class='ocrx_word' id='word_1_167' title='bbox 111 3217 307 3289; x_wconf 84' lang='lat' dir='ltr'><strong>consensit.</strong></span> <span class='ocrx_word' id='word_1_168' title='bbox 1034 3232 1037 3236; x_wconf 84' lang='grc'>’</span> 
     </span>
    </p>

    <p class='ocr_par' dir='ltr' id='par_1_4' title="bbox 107 3332 1177 3549">
     <span class='ocr_line' id='line_1_26' title="bbox 160 3332 1173 3433; baseline 0 -30"><span class='ocrx_word' id='word_1_169' title='bbox 160 3332 370 3404; x_wconf 82' lang='lat' dir='ltr'><strong>Goislredus</strong></span> <span class='ocrx_word' id='word_1_170' title='bbox 394 3334 528 3432; x_wconf 91' lang='lat' dir='ltr'><strong>quippe</strong></span> <span class='ocrx_word' id='word_1_171' title='bbox 547 3334 594 3408; x_wconf 89' lang='lat' dir='ltr'><strong>dc</strong></span> <span class='ocrx_word' id='word_1_172' title='bbox 613 3333 801 3433; x_wconf 79' lang='lat' dir='ltr'><strong>praesulatu</strong></span> <span class='ocrx_word' id='word_1_173' title='bbox 820 3333 895 3429; x_wconf 87' lang='lat' dir='ltr'><strong>jam</strong></span> <span class='ocrx_word' id='word_1_174' title='bbox 918 3356 1062 3404; x_wconf 87' lang='lat' dir='ltr'><strong>securus</strong></span> <span class='ocrx_word' id='word_1_175' title='bbox 1079 3346 1173 3423; x_wconf 84' lang='lat' dir='ltr'><strong>erat,</strong></span> 
     </span>
     <span class='ocr_line' id='line_1_27' title="bbox 107 3445 1177 3549; baseline 0.002 -32"><span class='ocrx_word' id='word_1_176' title='bbox 107 3445 256 3544; x_wconf 85' lang='lat' dir='ltr'><strong>jamque</strong></span> <span class='ocrx_word' id='word_1_177' title='bbox 284 3448 449 3548; x_wconf 90' lang='lat' dir='ltr'><strong>copiosas</strong></span> <span class='ocrx_word' id='word_1_178' title='bbox 476 3473 605 3548; x_wconf 86' lang='lat' dir='ltr'><strong>agapes</strong></span> <span class='ocrx_word' id='word_1_179' title='bbox 630 3473 698 3549; x_wconf 92' lang='lat' dir='ltr'><strong>pro</strong></span> <span class='ocrx_word' id='word_1_180' title='bbox 726 3448 978 3521; x_wconf 86' lang='lat' dir='ltr'><strong>sublimatione</strong></span> <span class='ocrx_word' id='word_1_181' title='bbox 1003 3448 1057 3518; x_wconf 86' lang='lat' dir='ltr'><strong>sui</strong></span> <span class='ocrx_word' id='word_1_182' title='bbox 1090 3471 1177 3546; x_wconf 85' lang='lat' dir='ltr'><strong>prae·</strong></span> 
     </span>
    </p>
   </div>
   <div class='ocr_carea' id='block_1_3' title="bbox 109 3725 1211 4237">
    <p class='ocr_par' dir='ltr' id='par_1_5' title="bbox 148 3725 481 3800">
     <span class='ocr_line' id='line_1_28' title="bbox 148 3725 481 3800; baseline 0.015 -20"><span class='ocrx_word' id='word_1_183' title='bbox 148 3727 187 3797; x_wconf 81' lang='lat' dir='ltr'><strong>(l)</strong></span> <span class='ocrx_word' id='word_1_184' title='bbox 200 3725 238 3781; x_wconf 74' lang='lat' dir='ltr'><strong>1ae</strong></span> <span class='ocrx_word' id='word_1_185' title='bbox 250 3730 285 3783; x_wconf 74' lang='lat'><strong>29</strong></span> <span class='ocrx_word' id='word_1_186' title='bbox 295 3726 389 3800; x_wconf 86' lang='lat' dir='ltr'><strong>juillet</strong></span> <span class='ocrx_word' id='word_1_187' title='bbox 401 3729 481 3785; x_wconf 65' lang='lat' dir='ltr'><strong>tout.</strong></span> 
     </span>
    </p>

    <p class='ocr_par' dir='ltr' id='par_1_6' title="bbox 109 3813 1211 4156">
     <span class='ocr_line' id='line_1_29' title="bbox 117 3813 1177 3894; baseline -0.001 -24"><span class='ocrx_word' id='word_1_188' title='bbox 117 3845 123 3856; x_wconf 94' lang='lat'><em>·</em></span> <span class='ocrx_word' id='word_1_189' title='bbox 147 3815 189 3886; x_wconf 70' lang='grc' dir='ltr'><strong>(Ξ)</strong></span> <span class='ocrx_word' id='word_1_190' title='bbox 201 3813 342 3879; x_wconf 84' lang='lat' dir='ltr'><strong>Geoffroi,</strong></span> <span class='ocrx_word' id='word_1_191' title='bbox 355 3816 428 3872; x_wconf 74' lang='lat' dir='ltr'><strong>frere</strong></span> <span class='ocrx_word' id='word_1_192' title='bbox 441 3816 477 3872; x_wconf 89' lang='lat' dir='ltr'><strong>de</strong></span> <span class='ocrx_word' id='word_1_193' title='bbox 489 3817 630 3887; x_wconf 75' lang='lat' dir='ltr'><strong>Judicaet,</strong></span> <span class='ocrx_word' id='word_1_194' title='bbox 642 3819 747 3894; x_wconf 69' lang='lat' dir='ltr'><strong>evdque</strong></span> <span class='ocrx_word' id='word_1_195' title='bbox 760 3818 795 3872; x_wconf 90' lang='lat' dir='ltr'><strong>de</strong></span> <span class='ocrx_word' id='word_1_196' title='bbox 807 3819 852 3876; x_wconf 89' lang='lat' dir='ltr'><strong>Sai</strong></span> <span class='ocrx_word' id='word_1_197' title='bbox 874 3815 986 3885; x_wconf 87' lang='lat' dir='ltr'><strong>t-lllalo,</strong></span> <span class='ocrx_word' id='word_1_198' title='bbox 999 3816 1043 3872; x_wconf 85' lang='lat' dir='ltr'><strong>lut</strong></span> <span class='ocrx_word' id='word_1_199' title='bbox 1054 3813 1177 3888; x_wconf 72' lang='lat' dir='ltr'><strong>appelel</strong></span> 
     </span>
     <span class='ocr_line' id='line_1_30' title="bbox 111 3837 1211 4007; baseline 0.002 -51"><span class='ocrx_word' id='word_1_200' title='bbox 111 3901 303 3958; x_wconf 71' lang='lat' dir='ltr'><strong>l’archeveche</strong></span> <span class='ocrx_word' id='word_1_201' title='bbox 315 3903 351 3959; x_wconf 89' lang='lat' dir='ltr'><strong>dc</strong></span> <span class='ocrx_word' id='word_1_202' title='bbox 362 3904 463 3962; x_wconf 88' lang='lat' dir='ltr'><strong>Ronen</strong></span> <span class='ocrx_word' id='word_1_203' title='bbox 475 3925 510 3961; x_wconf 91' lang='lat' dir='ltr'><strong>en</strong></span> <span class='ocrx_word' id='word_1_204' title='bbox 526 3910 605 3974; x_wconf 82' lang='lat' dir='ltr'><strong>llll,</strong></span> <span class='ocrx_word' id='word_1_205' title='bbox 619 3925 728 3964; x_wconf 89' lang='lat' dir='ltr'><strong>comme</strong></span> <span class='ocrx_word' id='word_1_206' title='bbox 741 3925 812 3962; x_wconf 86' lang='lat' dir='ltr'><strong>nous</strong></span> <span class='ocrx_word' id='word_1_207' title='bbox 824 3837 977 3962; x_wconf 49' lang='lat' dir='ltr'><strong>lelerrons</strong></span> <span class='ocrx_word' id='word_1_208' title='bbox 990 3906 1121 3979; x_wconf 74' lang='lat' dir='ltr'><strong>ci-aprbs.</strong></span> <span class='ocrx_word' id='word_1_209' title='bbox 1192 3925 1211 4007; x_wconf 66' lang='lat' dir='ltr'><strong>p</strong></span> 
     </span>
     <span class='ocr_line' id='line_1_31' title="bbox 146 3991 1177 4069; baseline 0.001 -24"><span class='ocrx_word' id='word_1_210' title='bbox 146 3992 188 4058; x_wconf 78' lang='grc'><strong>(3)</strong></span> <span class='ocrx_word' id='word_1_211' title='bbox 200 3991 350 4047; x_wconf 82' lang='lat' dir='ltr'><strong>Hildebert</strong></span> <span class='ocrx_word' id='word_1_212' title='bbox 361 4010 399 4047; x_wconf 90' lang='lat' dir='ltr'><strong>ou</strong></span> <span class='ocrx_word' id='word_1_213' title='bbox 411 3993 559 4063; x_wconf 83' lang='lat' dir='ltr'><strong>Aldcbert,</strong></span> <span class='ocrx_word' id='word_1_214' title='bbox 575 3997 726 4069; x_wconf 83' lang='lat' dir='ltr'><strong>originairc</strong></span> <span class='ocrx_word' id='word_1_215' title='bbox 743 3994 779 4051; x_wconf 92' lang='lat' dir='ltr'><strong>dc</strong></span> <span class='ocrx_word' id='word_1_216' title='bbox 794 3994 943 4063; x_wconf 82' lang='lat' dir='ltr'><strong>Lavardin,</strong></span> <span class='ocrx_word' id='word_1_217' title='bbox 955 3998 971 4050; x_wconf 74' lang='lat' dir='ltr'><strong>a</strong></span> <span class='ocrx_word' id='word_1_218' title='bbox 981 4004 1080 4069; x_wconf 77' lang='lat' dir='ltr'><strong>quatre</strong></span> <span class='ocrx_word' id='word_1_219' title='bbox 1091 3992 1177 4047; x_wconf 86' lang='lat' dir='ltr'><strong>lienes</strong></span> 
     </span>
     <span class='ocr_line' id='line_1_32' title="bbox 109 4076 1175 4156; baseline 0.001 -24"><span class='ocrx_word' id='word_1_220' title='bbox 109 4076 149 4132; x_wconf 81' lang='lat' dir='ltr'><strong>de</strong></span> <span class='ocrx_word' id='word_1_221' title='bbox 161 4076 322 4148; x_wconf 77' lang='lat' dir='ltr'><strong>Venddme‚</strong></span> <span class='ocrx_word' id='word_1_222' title='bbox 338 4082 411 4135; x_wconf 85' lang='lat' dir='ltr'><strong>avait</strong></span> <span class='ocrx_word' id='word_1_223' title='bbox 423 4083 467 4137; x_wconf 76' lang='lat' dir='ltr'><strong>ete</strong></span> <span class='ocrx_word' id='word_1_224' title='bbox 484 4082 534 4137; x_wconf 85' lang='lat' dir='ltr'><strong>lait</strong></span> <span class='ocrx_word' id='word_1_225' title='bbox 551 4083 725 4139; x_wconf 83' lang='lat' dir='ltr'><strong>archidiacre</strong></span> <span class='ocrx_word' id='word_1_226' title='bbox 739 4083 774 4137; x_wconf 89' lang='lat' dir='ltr'><strong>de</strong></span> <span class='ocrx_word' id='word_1_227' title='bbox 790 4083 895 4156; x_wconf 81' lang='lat' dir='ltr'><strong>l&#39;eglise</strong></span> <span class='ocrx_word' id='word_1_228' title='bbox 908 4082 948 4138; x_wconf 90' lang='lat' dir='ltr'><strong>du</strong></span> <span class='ocrx_word' id='word_1_229' title='bbox 964 4084 1043 4138; x_wconf 84' lang='lat' dir='ltr'><strong>Mans</strong></span> <span class='ocrx_word' id='word_1_230' title='bbox 1060 4099 1109 4156; x_wconf 85' lang='lat' dir='ltr'><strong>par</strong></span> <span class='ocrx_word' id='word_1_231' title='bbox 1126 4096 1175 4134; x_wconf 91' lang='lat' dir='ltr'><strong>son</strong></span> 
     </span>
    </p>

    <p class='ocr_par' dir='ltr' id='par_1_7' title="bbox 112 4163 551 4237">
     <span class='ocr_line' id='line_1_33' title="bbox 112 4163 551 4237; baseline 0.011 -18"><span class='ocrx_word' id='word_1_232' title='bbox 112 4163 312 4237; x_wconf 70' lang='lat' dir='ltr'><strong>predecessenr</strong></span> <span class='ocrx_word' id='word_1_233' title='bbox 323 4167 410 4237; x_wconf 79' lang='lat' dir='ltr'><strong>nost,</strong></span> <span class='ocrx_word' id='word_1_234' title='bbox 425 4187 460 4225; x_wconf 88' lang='lat' dir='ltr'><strong>eu</strong></span> <span class='ocrx_word' id='word_1_235' title='bbox 472 4173 551 4228; x_wconf 74' lang='lat'><strong>⁴⁰92.</strong></span> 
     </span>
    </p>
   </div>
   <div class='ocr_carea' id='block_1_4' title="bbox 0 0 1452 4934">
    <p class='ocr_par' dir='ltr' id='par_1_8' title="bbox 0 0 1452 4934">
     <span class='ocr_line' id='line_1_34' title="bbox 0 0 1452 4934; baseline 0 0"><span class='ocrx_word' id='word_1_236' title='bbox 0 0 1452 4934; x_wconf 95' lang='lat' dir='ltr'><strong> </strong></span> 
     </span>
    </p>
   </div>
  </div>
 </body>
</html>
