2888 4934
192 414 249 473 188
461 410 645 470 HlS'l‘OlllA
668 409 974 470 Euctuttssmca.
1143 415 1247 490 [11071

189 543 410 615 saecularium
427 543 566 631 floruit3
585 567 605 613 a
623 567 697 640 quo
714 543 883 614 invitatus
894 547 988 641 Papa
1000 542 1249 615 solennitatem

190 656 331 728 Paschae
346 656 443 754 apud
459 660 654 728 Carnutum
673 655 877 728 celebravit.
898 654 1007 728 hdela
1028 681 1176 754 quoque
1192 682 1250 729 oo·

189 773 322 847 mitissa
335 773 448 869 largas
464 772 509 845 ad
524 774 759 845 ministerium
774 777 878 872 Papae
891 773 1070 871 impensas
1083 772 1248 864 contulit,

188 902 224 959 ct
248 888 536 960 benedictionem
558 887 641 977 sibi,
662 888 859 985 domuique
881 913 953 959 suae
973 889 1010 959 in
1033 904 1208 961 aeternum
1230 913 1251 963 a

189 1003 280 1075 Sede
294 1003 496 1101 apostolica
509 1004 717 1101 promeruit.
736 1001 937 1075 Laudabilis
953 1002 1040 1075 hera
1052 1018 1136 1103 post
1152 1027 1251 1103 pere·

189 1118 424 1212 grinationem
434 1118 550 1190 mariti
563 1116 790 1189 consulatum
804 1117 897 1190 illius
914 1117 1250 1215 honoriliceguber·

189 1232 298 1321 navit,
319 1247 533 1330 tenerosque
551 1258 682 1331 pueros
700 1233 745 1304 ad
765 1248 922 1305 tutamen
941 1232 1104 1305 Ecclesiae
1120 1246 1250 1312 sanctae

187 1345 337 1418 solerter
364 1347 529 1419 educavit
558 1348 627 1442 (l).
658 1346 871 1419 Guillelmus
896 1348 1012 1435 enim,
1044 1348 1106 1444 qui
1136 1347 1250 1444 major

189 1475 273 1532 natu
296 1477 388 1552 erat,
412 1462 521 1534 filiam
543 1462 680 1535 Gilonis
702 1462 748 1535 de
771 1463 888 1535 Soleio
910 1487 1057 1535 uxorem
1074 1463 1193 1549 duxit,
1216 1475 1252 1535 et

187 1577 303 1647 soceri
327 1577 382 1648 sui
405 1577 639 1651 hereditatem
660 1578 865 1677 possidens,
891 1577 952 1649 diu
975 1576 1122 1677 pacifice
1145 1578 1248 1668 vixit,

188 1688 476 1791 laudabilemque
494 1694 657 1765 sobolem
678 1721 686 1764 ε
706 1694 874 1765 Odouem
900 1709 935 1765 et
957 1692 1169 1786 Raherium,
1190 1717 1250 1791 ge·

188 1807 267 1878 nuit
277 1807 343 1904 (2).
356 1808 558 1882 Tedbaldus
573 1824 706 1898 autem,
721 1807 898 1905 palatinus
907 1833 1029 1880 comes
1043 1808 1113 1904 (3),
1128 1808 1251 1880 militia

189 1920 330 2013 claruit,
352 1926 448 2022 pacis
465 1941 603 1999 amator
612 1925 747 2021 justitia
764 1925 886 2021 viguit,
901 1939 936 1996 et
949 1926 1041 1996 inter
1053 1927 1251 2025 praecipuos

189 2039 342 2109 Franciae
360 2039 537 2139 principes
554 2040 685 2111 divitiis
708 2053 743 2111 et
763 2040 893 2111 virtute
913 2040 1088 2111 maximus
1110 2039 1248 2112 enituit.

189 2151 395 2224 Matlrildem
409 2179 510 2246 vero,
524 2154 713 2252 lngelberti
725 2154 827 2227 ducis
838 2152 960 2242 liliam,
974 2179 1123 2227 uxorem
1136 2153 1248 2243 duxit,

224 2455 263 2524 (l)
279 2455 313 2509 La
328 2465 462 2510 comtesse
482 2456 569 2511 Adele
587 2458 655 2512 e'tait
673 2475 729 2511 une
746 2457 848 2512 femme
865 2457 901 2513 de
915 2457 972 2513 tete
990 2455 1069 2513 etde
1086 2473 1182 2521 coeur;
1200 2453 1251 2511 elle

189 2543 256 2597 e‘tait
270 2544 341 2598 aussi
361 2543 503 2616 beaucoup
520 2544 583 2617 plus
599 2545 730 2600 instruite
743 2545 882 2618 qu’aucun
899 2543 935 2599 de
951 2563 992 2599 ses
1007 2545 1102 2599 freres.
1119 2542 1169 2599 On
1183 2542 1251 2598 croit

189 2649 244 2704 que
254 2631 320 2685 c'est
331 2648 402 2702 pour
413 2630 466 2685 elle
477 2632 597 2705 qu’avait
609 2634 654 2687 ete
666 2635 812 2705 composee
823 2643 895 2687 cette
905 2632 1022 2686 histoire
1032 2629 1067 2686 de
1080 2629 1251 2686 Nor-mandit

190 2731 303 2793 portant
315 2718 341 2774 le
355 2722 421 2776 titre
434 2720 541 2777 bizarre
553 2721 588 2776 de
600 2723 694 2778 Draco
706 2723 929 2790 Nornmnnr'cus,
943 2733 972 2777 et
984 2722 1053 2776 dont
1066 2723 1102 2775 la
1116 2722 1203 2777 Porte
1214 2720 1252 2776 du

189 2809 272 2864 Tbeil
286 2829 300 2863 a
314 2808 406 2864 donne
414 2809 454 2864 les
464 2810 613 2884 rubriques
623 2810 659 2865 de
670 2811 811 2885 chapitres
823 2812 892 2866 dans
904 2812 941 2867 les
954 2811 1067 2866 Notices
1080 2820 1107 2864 et
1119 2811 1252 2867 Extraits

189 2896 240 2952 des
252 2899 327 2953 Mss.
342 2897 378 2952 dc
392 2899 421 2952 Ια
437 2897 629 2970 Βίὺἱὶοἰὴὲῳιε
643 2898 757 2957 ΔιιἸΙοί.

225 2987 264 3056 (2)
282 2987 320 3041 Ce
335 3003 506 3059 personnage
523 2987 590 3040 e'tait
603 2987 765 3054 coutrefait,
780 2987 884 3060 begue,
904 2986 971 3040 d’uu
984 2987 1071 3059 esprit
1088 2985 1146 3040 lort
1166 2985 1253 3042 borne

188 3082 218 3126 et
234 3073 300 3126 d’uu
317 3075 454 3129 caractere
472 3075 626 3146 tres-porte
639 3077 653 3128 h
668 3073 692 3129 la
705 3073 838 3132 violence.
856 3074 879 3128 ll
897 3077 998 3147 epousa
1011 3074 1037 3127 la
1051 3072 1105 3128 lille
1117 3072 1155 3128 de
1169 3072 1253 3128 Gilou

190 3162 225 3215 de
238 3161 322 3228 Sulli,
336 3160 405 3217 dont
419 3181 488 3217 nous
500 3181 584 3218 avons
597 3182 633 3218 eu
646 3165 772 3219 occasion
786 3163 821 3218 de
833 3163 924 3237 parler
939 3168 955 3217 a
970 3163 1108 3235 plusieurs
1122 3162 1252 3235 reprises.

190 3251 244 3305 Par
260 3250 338 3323 de'pit
355 3262 452 3305 contre
467 3269 508 3307 ses
521 3263 648 3325 parents,
665 3254 714 3327 qui
729 3252 856 3307 l’araient
868 3251 1023 3317 desberite,
1039 3250 1059 3305 il
1071 3252 1130 3323 prit
1145 3249 1173 3306 le
1188 3267 1254 3305 nom

189 3352 218 3397 et
230 3340 269 3395 les
282 3358 371 3395 armes
384 3339 420 3394 de
432 3359 460 3394 sa
473 3341 587 3408 semme,
604 3343 653 3416 qui
671 3341 709 3396 lui
723 3340 816 3396 donna
830 3342 895 3414 cinq
911 3341 1019 3395 eulants
1032 3363 1038 3393 :
1053 3339 1122 3394 trois
1138 3355 1256 3412 garonna

190 3441 219 3485 et
235 3429 307 3485 deux
325 3429 403 3484 lilles.
423 3430 460 3484 Le
478 3431 619 3485 troisieme
636 3429 672 3486 de
689 3449 731 3485 ses
749 3431 804 3498 fils,
825 3431 928 3498 llenri,
945 3431 988 3485 lut
1005 3430 1118 3485 nomme
1134 3427 1208 3484 abbe
1220 3425 1255 3481 de

190 3520 310 3591 Fecamp
331 3537 381 3590 par
402 3535 452 3572 son
473 3516 567 3583 oncle,
586 3518 612 3573 le
629 3519 669 3573 roi
690 3519 823 3586 Etieune,
839 3529 917 3573 etue
935 3529 1050 3573 mourut
1069 3517 1154 3591 qu’en
1172 3511 1254 3573 uta.

191 3607 371 3681 Marguerite,
385 3606 482 3661 l'aluee
494 3604 529 3660 de
542 3624 583 3660 ses
596 3606 675 3677 filles,
689 3609 791 3681 epousa
802 3608 907 3676 Henri,
921 3618 1012 3662 comte
1023 3606 1110 3677 d’Eu,
1122 3616 1153 3661 ct
1166 3604 1256 3661 min·

190 3696 272 3763 beth,
291 3695 315 3749 la
329 3693 461 3762 seconde,
481 3695 524 3748 sut
541 3693 655 3750 abbesse
674 3695 709 3750 de
725 3697 815 3763 Caeu,
835 3713 944 3751 comme
962 3713 1032 3750 nous
1044 3695 1150 3748 l’arons
1163 3712 1201 3748 ru
1214 3693 1255 3749 ci·

190 3785 299 3850 dessus,
315 3795 336 3841 t.
350 3784 407 3851 ΙΙΙ,
425 3803 450 3856 ρ.
465 3788 476 3840 l
482 3786 527 3840 ll.

226 3877 264 3944 (3)
279 3872 412 3928 Tlribaud
422 3873 476 3941 IV,
489 3872 533 3927 dit
544 3871 570 3927 le
581 3872 694 3937 Grand,
709 3876 811 3946 epousa
824 3872 975 3939 Mathilde,
990 3870 1045 3925 fille
1057 3869 1255 3943 d’Eugelbert,

191 3964 333 4019 troisieme
344 3960 381 4015 du
397 3980 478 4025 nom,
492 3959 548 4015 duc
560 3959 595 4014 de
609 3962 756 4018 Cariutbie
769 3961 844 4017 etde
858 3960 964 4017 Frioul.
980 3961 1057 4014 Nous
1070 3960 1097 4014 le
1111 3959 1258 4013 retrou're·

192 4070 271 4117 rous,
287 4051 354 4106 dans
367 4051 390 4105 la
404 4051 476 4105 suite
487 4049 522 4104 de
534 4060 606 4105 cette
618 4050 749 4117 histoire,
765 4063 882 4108 souveut
893 4071 927 4106 eu
942 4049 1130 4118 Normaudie,
1146 4066 1257 4103 comme

192 4141 334 4196 auxiliaire
348 4139 444 4194 deson
458 4138 536 4193 oncle
548 4149 576 4195 et
589 4137 683 4194 deson
698 4139 780 4194 frere.
