3140 5076
132 469 243 550 [1119]
461 464 579 528 LIBER
600 465 869 528 DUODECIMUS.
1130 471 1191 534 ³35

132 595 268 687 Guido‚
284 596 495 670 Viennensis
503 597 804 697 archiepiscopus,
817 595 1051 672 inCallintum
1064 604 1195 700 Papum

132 721 309 786 1v⁰n0nes
317 711 484 786 februarii
492 712 626 786 electus
636 729 688 786 eet
697 711 763 809 (l)
779 711 832 784 lbi
842 711 1050 788 [embertus
1058 716 1196 789 Ostien-

132 828 181 900 sis
194 843 230 900 et
247 832 340 900 Boso
352 828 568 918 Portuensis,
588 831 692 899 Cono
708 827 944 900 Praenestinus
962 844 997 901 et
1014 828 1195 904 lohannes

131 942 333 1016 cremensis
346 941 416 1040 (2),
430 941 560 1040 aliique
570 941 691 1040 plures
701 940 748 1014 de
767 945 928 1014 Romano
940 958 1065 1020 senatu
1076 943 1195 1021 clerici

130 1057 288 1150 affuere,
324 1056 454 1155 quibus
485 1056 644 1155 specialis
673 1056 904 1156 praerogative
935 1081 1105 1132 concesse
1138 1077 1192 1135 est

131 1178 268 1272 Pupam
284 1171 414 1268 eligere
435 1185 472 1243 et
488 1194 708 1246 consecrare.
739 1171 974 1244 Intronisntus
998 1187 1052 1245 est
1073 1173 1193 1272 iteque

129 1287 269 1377 Gnido,
291 1285 337 1359 ab
355 1284 593 1362 adolescentie
612 1301 746 1373 cestus,
771 1286 970 1385 religiosus,
995 1288 1131 1388 largus,
1154 1291 1192 1362 in

128 1428 240 1503 opere
262 1402 330 1475 Dei
350 1401 525 1493 fervidus,
547 1417 582 1474 et
603 1401 724 1476 multis
745 1403 886 1502 pollens
905 1404 1106 1479 virtutihus.
1128 1407 1193 1480 Hic

128 1517 223 1592 filius
245 1519 311 1590 fuit
329 1517 510 1590 Guillelmi
530 1518 732 1610 Testardiae‚
756 1519 858 1594 ducis
879 1522 1190 1618 Burgundionum,
1248 1585 1251 1591 .

98 1703 103 1711 .
127 1658 239 1732 quem
261 1633 434 1706 Ruinaldo
452 1635 535 1707 duci
555 1636 696 1734 peperit
716 1635 870 1728 ddelizn,
884 1635 965 1710 lilia
983 1638 1123 1712 Ricardi
1140 1643 1191 1734 11,

127 1747 232 1820 ducis
257 1752 548 1848 Normennorum
574 1750 643 1846 (3).
671 1755 741 1823 Iste
763 1751 911 1849 quidem
934 1751 1055 1832 Guido
1078 1778 1192 1853 nepos

128 1864 194 1936 luit
212 1863 278 1936 leri
295 1863 489 1955 Guidonis,
512 1866 575 1963 qui
595 1864 768 1938 ducatum
784 1867 884 1939 nisus
901 1881 956 1939 est
975 1867 1042 1940 sibi
1061 1868 1191 1940 vendi·

125 2003 209 2053 care
236 1984 548 2071 Normannorum,
579 2005 619 2053 ae
648 1982 745 2080 apud
771 1981 992 2056 Velesdunes
1020 1987 1192 2083 pugnavit

125 2107 253 2166 eonne
266 2094 496 2168 Guillelmum
507 2095 666 2170 Nothum
679 2111 716 2170 et
727 2099 935 2190 Henricum,
950 2123 1072 2197 regern
1083 2105 1190 2176 Fran-

124 2235 270 2303 corum,
290 2225 326 2286 et
340 2216 547 2286 Vemonem
565 2227 672 2310 atque
690 2214 883 2287 Brionnam
900 2230 1027 2306 centra
1042 2215 1190 2292 eosdem

125 2326 264 2399 fortiter
276 2327 392 2400 tenuit
403 2351 469 2426 per
481 2327 676 2401 triennium
687 2327 753 2425 (lt).
768 2329 827 2401 Sic
839 2328 886 2402 de
897 2329 1006 2428 regali
1016 2332 1190 2430 progenie

125 2455 238 2532 onus,
258 2439 374 2514 frater
385 2440 532 2532 ducum,
554 2443 840 2540 consanguineus
857 2469 983 2544 regum
1000 2460 1037 2518 et
1052 2450 1189 2545 Augus·

158 2794 199 2862 (4)
219 2793 256 2848 Le
268 2798 306 2850 l·²
318 2792 419 2850 [ὀπὴν
433 2795 552 2850 suivant.
565 2794 640 2850 Lisee
653 2792 773 2852 Calliste.

158 2881 201 2954 (2)
220 2882 365 2952 Lambere,
384 2883 492 2958 deeque
510 2881 636 2951 d'Ostie3
655 2882 760 2950 Boane,
780 2880 885 2954 rivique
901 2880 936 2936 de
952 2881 1054 2948 Porto;
1071 2879 1186 2948 Conon,

122 2969 228 3044 deeque
238 2968 274 3024 de
283 2970 435 3038 Preneste;
447 2971 516 3026 Jean
527 2969 564 3025 de
573 2970 688 3037 Creme,
701 2968 770 3022 mair
781 2985 838 3022 nou
851 2985 899 3041 pas
913 2967 1017 3042 deeque
1027 2966 1063 3023 de
1074 2968 1186 3024 Creme.

121 3055 202 3112 Nous
214 3074 318 3112 aurens
330 3058 457 3112 oeensidn
469 3057 504 3113 de
516 3056 640 3132 repellet
653 3056 688 3111 de
700 3075 731 3110 ce
743 3054 865 3112 dernier.
880 3055 968 3110 Notre
980 3063 1080 3109 auteur
1092 3054 1186 3112 nublie

121 3145 147 3202 le
162 3144 288 3202 cardinal
299 3147 396 3202 Pierre
409 3146 445 3202 de
457 3147 545 3214 Men,
562 3146 610 3221 qui
630 3143 777 3201 contribuet
795 3144 817 3199 si
832 3143 1059 3216 puissemmentl
1073 3161 1185 3201 emener

121 3245 196 3290 cette
207 3235 339 3302 electior,
356 3237 418 3310 puis
431 3254 481 3308 per
494 3253 543 3290 eon
557 3236 623 3309 pere
636 3235 734 3292 Pierre
745 3232 782 3288 de
793 3233 881 3298 Leon,
894 3231 1039 3287 deuxidme
1051 3231 1090 3287 dn
1103 3251 1182 3302 nom,

122 3323 175 3378 ila
186 3323 257 3380 laire
264 3334 393 3398 aecepter
401 3343 452 3398 per
464 3342 533 3380 eenx
541 3323 590 3379 des
603 3322 740 3380 membres
751 3321 790 3376 du
804 3319 886 3376 Sacre
895 3319 1009 3393 college
1018 3321 1068 3395 qui
1079 3322 1183 3378 etaient

121 3411 269 3468 domeures
282 3415 297 3466 t
310 3411 411 3469 Rome.

155 3501 197 3572 (3)
214 3499 327 3557 Calliste
340 3501 368 3556 ll
383 3501 471 3575 paruit
481 3519 517 3557 en
531 3499 595 3556 effet
606 3501 683 3555 aveir
693 3501 738 3555 etri
751 3499 793 3554 fils
807 3497 842 3554 de
853 3497 1182 3556 Gnillenme-Tetellar-

120 3588 183 3656 die3
196 3589 266 3644 meis
278 3608 310 3645 ee
320 3587 435 3646 dernier
446 3589 515 3646 eteit
522 3587 549 3645 le
560 3587 697 3663 petit-fils,
710 3597 739 3644 et
751 3606 808 3644 non
818 3587 844 3644 le
856 3586 896 3642 fils
906 3587 942 3643 de
954 3586 1081 3658 Remud
1092 3600 1183 3646 eomte

119 3676 131 3745 (
135 3685 165 3731 et
177 3694 234 3732 non
248 3695 297 3750 pas
308 3677 379 3750 duc)
392 3678 429 3734 de
440 3677 623 3752 Bourgogue,
636 3687 665 3734 et
676 3675 816 3733 d'Adelise
827 3676 863 3734 de
874 3676 1055 3734 Normandie.

155 3765 196 3838 (4)
214 3765 274 3821 Gui
289 3765 324 3821 de
338 3767 521 3840 Bourgogne,
538 3765 580 3822 fils
596 3765 632 3824 de
648 3765 765 3822 Rennud
782 3765 826 3834 1«,
843 3775 934 3823 comte
950 3765 985 3822 de
999 3767 1180 3842 Bourgogne,

120 3852 190 3907 eteit
206 3850 232 3908 le
249 3852 437 3926 grand-oncle
453 3853 493 3909 du
509 3871 636 3910 noureau
649 3855 738 3928 Papo,
752 3862 780 3909 et
795 3870 850 3910 non
865 3872 913 3928 pes
926 3871 976 3912 sou
988 3854 1077 3912 oncle.
1093 3854 1182 3912 Notie

123 3948 224 3993 entenr
235 3939 369 3996 confirme
381 3941 417 3996 ici
433 3959 465 3998 ee
480 3940 549 4016 qu'il
563 3959 579 3996 n
594 3940 657 4014 dejs
672 3940 729 4008 dit,
742 3939 811 3996 livre
828 3941 914 4009 vlu,
930 3941 980 3998 des
995 3943 1065 3998 trois
1080 3945 1182 3997 ennees

123 4023 248 4098 pendent
258 4024 403 4101 lesquelles
419 4047 450 4085 ce
466 4030 597 4103 seigneur
609 4029 665 4086 tint
676 4029 732 4086 tite
745 4047 781 4086 au
795 4029 850 4086 due
862 4030 931 4088 dens
943 4049 985 4086 ses
996 4031 1130 4086 ehiteaux
1146 4029 1180 4085 de

123 4112 247 4169 Brionue
259 4124 288 4170 et
300 4112 336 4170 de
350 4117 480 4187 Vernnu,
496 4119 575 4192 apres
586 4117 613 4173 le
625 4117 736 4176 bateille
747 4117 783 4174 de
794 4118 983 4188 Valesduues,
996 4118 1047 4194 qni
1059 4118 1130 4175 avait
1144 4137 1179 4174 eu

118 4202 176 4258 lieu
190 4221 226 4258 en
240 4203 320 4260 4047.
