<?xml version="1.0" encoding="UTF-8"?>
<!DOCTYPE html PUBLIC "-//W3C//DTD XHTML 1.0 Transitional//EN"
    "http://www.w3.org/TR/xhtml1/DTD/xhtml1-transitional.dtd">
<html xmlns="http://www.w3.org/1999/xhtml" xml:lang="en" lang="en">
 <head>
  <title>
</title>
<meta http-equiv="Content-Type" content="text/html;charset=utf-8" />
  <meta name='ocr-system' content='tesseract 3.04.00' />
  <meta name='ocr-capabilities' content='ocr_page ocr_carea ocr_par ocr_line ocrx_word'/>
</head>
<body>
  <div class='ocr_page' id='page_1' title='image "./ordericivitalis07deligoog/ordericivitalis07deligoog_0296.png"; bbox 0 0 3130 5058; ppageno 0'>
   <div class='ocr_carea' id='block_1_1' title="bbox 466 531 1183 599">
    <p class='ocr_par' dir='ltr' id='par_1_1' title="bbox 466 531 1183 599">
     <span class='ocr_line' id='line_1_1' title="bbox 466 531 1183 599; baseline 0.008 -6"><span class='ocrx_word' id='word_1_1' title='bbox 466 531 582 595; x_wconf 81' lang='lat' dir='ltr'>LIBER</span> <span class='ocrx_word' id='word_1_2' title='bbox 601 533 845 596; x_wconf 69' lang='lat' dir='ltr'><strong>nuntiemus.</strong></span> <span class='ocrx_word' id='word_1_3' title='bbox 1123 539 1183 599; x_wconf 75' lang='lat'><strong>283</strong></span> 
     </span>
    </p>
   </div>
   <div class='ocr_carea' id='block_1_2' title="bbox 122 663 1186 1453">
    <p class='ocr_par' dir='ltr' id='par_1_2' title="bbox 122 663 1186 1453">
     <span class='ocr_line' id='line_1_2' title="bbox 122 663 1185 764; baseline 0.002 -26"><span class='ocrx_word' id='word_1_4' title='bbox 122 689 246 738; x_wconf 84' lang='lat' dir='ltr'><strong>rarum</strong></span> <span class='ocrx_word' id='word_1_5' title='bbox 269 663 455 737; x_wconf 77' lang='lat' dir='ltr'><strong>sublimior</strong></span> <span class='ocrx_word' id='word_1_6' title='bbox 475 665 622 758; x_wconf 84' lang='lat' dir='ltr'><strong>exstitit,</strong></span> <span class='ocrx_word' id='word_1_7' title='bbox 650 678 686 740; x_wconf 89' lang='lat' dir='ltr'><strong>et</strong></span> <span class='ocrx_word' id='word_1_8' title='bbox 707 667 843 764; x_wconf 83' lang='lat' dir='ltr'>ingenti</span> <span class='ocrx_word' id='word_1_9' title='bbox 859 667 1055 738; x_wconf 86' lang='lat' dir='ltr'><strong>constantia</strong></span> <span class='ocrx_word' id='word_1_10' title='bbox 1071 689 1185 740; x_wconf 83' lang='lat' dir='ltr'><strong>neone</strong></span> 
     </span>
     <span class='ocr_line' id='line_1_3' title="bbox 122 779 1186 881; baseline 0.002 -28"><span class='ocrx_word' id='word_1_11' title='bbox 122 779 290 853; x_wconf 76' lang='lat' dir='ltr'><strong>facundia</strong></span> <span class='ocrx_word' id='word_1_12' title='bbox 307 781 400 852; x_wconf 90' lang='lat' dir='ltr'><strong>inter</strong></span> <span class='ocrx_word' id='word_1_13' title='bbox 420 781 618 880; x_wconf 80' lang='lat' dir='ltr'><strong>praecipuos</strong></span> <span class='ocrx_word' id='word_1_14' title='bbox 641 781 749 853; x_wconf 89' lang='lat' dir='ltr'><strong>totius</strong></span> <span class='ocrx_word' id='word_1_15' title='bbox 770 781 900 880; x_wconf 79' lang='lat' dir='ltr'><strong>Angliae</strong></span> <span class='ocrx_word' id='word_1_16' title='bbox 916 781 1077 881; x_wconf 81' lang='lat' dir='ltr'><strong>praelatos</strong></span> <span class='ocrx_word' id='word_1_17' title='bbox 1093 784 1186 855; x_wconf 88' lang='lat' dir='ltr'><strong>emi-</strong></span> 
     </span>
     <span class='ocr_line' id='line_1_4' title="bbox 122 896 1185 995; baseline 0.001 -25"><span class='ocrx_word' id='word_1_18' title='bbox 122 897 211 970; x_wconf 80' lang='lat' dir='ltr'><strong>cuit.</strong></span> <span class='ocrx_word' id='word_1_19' title='bbox 230 901 341 969; x_wconf 89' lang='lat' dir='ltr'><strong>Porro</strong></span> <span class='ocrx_word' id='word_1_20' title='bbox 358 897 546 992; x_wconf 84' lang='lat' dir='ltr'><strong>Rogerius,</strong></span> <span class='ocrx_word' id='word_1_21' title='bbox 564 898 627 994; x_wconf 89' lang='lat' dir='ltr'><strong>qui</strong></span> <span class='ocrx_word' id='word_1_22' title='bbox 644 898 681 970; x_wconf 92' lang='lat' dir='ltr'><strong>in</strong></span> <span class='ocrx_word' id='word_1_23' title='bbox 698 899 857 995; x_wconf 77' lang='lat' dir='ltr'><strong>prioratu</strong></span> <span class='ocrx_word' id='word_1_24' title='bbox 873 896 1041 995; x_wconf 83' lang='lat' dir='ltr'><strong>Nogionis</strong></span> <span class='ocrx_word' id='word_1_25' title='bbox 1056 898 1091 970; x_wconf 94' lang='lat' dir='ltr'><strong>ei</strong></span> <span class='ocrx_word' id='word_1_26' title='bbox 1106 923 1185 971; x_wconf 87' lang='lat' dir='ltr'><strong>suo·</strong></span> 
     </span>
     <span class='ocr_line' id='line_1_5' title="bbox 122 1011 1185 1111; baseline 0.002 -27"><span class='ocrx_word' id='word_1_27' title='bbox 122 1011 247 1103; x_wconf 76' lang='lat' dir='ltr'><strong>cessit,</strong></span> <span class='ocrx_word' id='word_1_28' title='bbox 267 1011 340 1085; x_wconf 84' lang='lat' dir='ltr'><strong>iere</strong></span> <span class='ocrx_word' id='word_1_29' title='bbox 356 1035 442 1084; x_wconf 83' lang='lat' dir='ltr'><strong>xxrv</strong></span> <span class='ocrx_word' id='word_1_30' title='bbox 459 1013 561 1085; x_wconf 91' lang='lat' dir='ltr'><strong>annis</strong></span> <span class='ocrx_word' id='word_1_31' title='bbox 579 1013 616 1084; x_wconf 90' lang='lat' dir='ltr'><strong>in</strong></span> <span class='ocrx_word' id='word_1_32' title='bbox 633 1014 899 1086; x_wconf 87' lang='lat' dir='ltr'><strong>constructione</strong></span> <span class='ocrx_word' id='word_1_33' title='bbox 915 1013 999 1084; x_wconf 89' lang='lat' dir='ltr'><strong>novi</strong></span> <span class='ocrx_word' id='word_1_34' title='bbox 1015 1013 1133 1111; x_wconf 86' lang='lat' dir='ltr'><strong>operis</strong></span> <span class='ocrx_word' id='word_1_35' title='bbox 1148 1029 1185 1086; x_wconf 92' lang='lat' dir='ltr'><strong>et</strong></span> 
     </span>
     <span class='ocr_line' id='line_1_6' title="bbox 122 1123 1184 1226; baseline 0 -28"><span class='ocrx_word' id='word_1_36' title='bbox 122 1139 298 1224; x_wconf 80' lang='lat' dir='ltr'><strong>provectu</strong></span> <span class='ocrx_word' id='word_1_37' title='bbox 325 1123 550 1199; x_wconf 88' lang='lat' dir='ltr'><strong>subditorum</strong></span> <span class='ocrx_word' id='word_1_38' title='bbox 579 1125 765 1199; x_wconf 88' lang='lat' dir='ltr'><strong>laboravit.</strong></span> <span class='ocrx_word' id='word_1_39' title='bbox 794 1128 957 1226; x_wconf 91' lang='lat' dir='ltr'><strong>Denique</strong></span> <span class='ocrx_word' id='word_1_40' title='bbox 984 1127 1021 1197; x_wconf 89' lang='lat' dir='ltr'><strong>in</strong></span> <span class='ocrx_word' id='word_1_41' title='bbox 1052 1126 1184 1198; x_wconf 89' lang='lat' dir='ltr'><strong>lectum</strong></span> 
     </span>
     <span class='ocr_line' id='line_1_7' title="bbox 123 1238 1180 1339; baseline 0 -27"><span class='ocrx_word' id='word_1_42' title='bbox 123 1238 276 1330; x_wconf 78' lang='lat' dir='ltr'><strong>desidit,</strong></span> <span class='ocrx_word' id='word_1_43' title='bbox 296 1253 332 1312; x_wconf 90' lang='lat' dir='ltr'><strong>et</strong></span> <span class='ocrx_word' id='word_1_44' title='bbox 348 1239 442 1313; x_wconf 89' lang='lat' dir='ltr'><strong>bene</strong></span> <span class='ocrx_word' id='word_1_45' title='bbox 463 1241 620 1314; x_wconf 89' lang='lat' dir='ltr'><strong>munitus</strong></span> <span class='ocrx_word' id='word_1_46' title='bbox 641 1247 704 1314; x_wconf 72' lang='grc' dir='ltr'><strong>ιη’</strong></span> <span class='ocrx_word' id='word_1_47' title='bbox 725 1241 893 1315; x_wconf 81' lang='lat' dir='ltr'>kalendas</span> <span class='ocrx_word' id='word_1_48' title='bbox 905 1240 1058 1339; x_wconf 87' lang='lat' dir='ltr'><strong>januarii</strong></span> <span class='ocrx_word' id='word_1_49' title='bbox 1078 1239 1180 1314; x_wconf 88' lang='lat' dir='ltr'><strong>obiit.</strong></span> 
     </span>
     <span class='ocr_line' id='line_1_8' title="bbox 123 1353 1149 1453; baseline -0.001 -26"><span class='ocrx_word' id='word_1_50' title='bbox 123 1356 181 1427; x_wconf 85' lang='lat' dir='ltr'><strong>De</strong></span> <span class='ocrx_word' id='word_1_51' title='bbox 197 1377 272 1453; x_wconf 86' lang='lat' dir='ltr'><strong>quo</strong></span> <span class='ocrx_word' id='word_1_52' title='bbox 287 1353 435 1453; x_wconf 89' lang='lat' dir='ltr'><strong>quidam</strong></span> <span class='ocrx_word' id='word_1_53' title='bbox 451 1356 587 1428; x_wconf 84' lang='lat' dir='ltr'><strong>amicus</strong></span> <span class='ocrx_word' id='word_1_54' title='bbox 602 1355 694 1429; x_wconf 89' lang='lat' dir='ltr'><strong>illius</strong></span> <span class='ocrx_word' id='word_1_55' title='bbox 711 1355 820 1430; x_wconf 85' lang='lat' dir='ltr'><strong>breve</strong></span> <span class='ocrx_word' id='word_1_56' title='bbox 837 1380 981 1430; x_wconf 88' lang='lat' dir='ltr'><strong>carmen</strong></span> <span class='ocrx_word' id='word_1_57' title='bbox 999 1356 1149 1430; x_wconf 76' lang='lat' dir='ltr'><strong>cecinit:</strong></span> 
     </span>
    </p>
   </div>
   <div class='ocr_carea' id='block_1_3' title="bbox 211 1529 1000 2761">
    <p class='ocr_par' dir='ltr' id='par_1_3' title="bbox 215 1529 956 1695">
     <span class='ocr_line' id='line_1_9' title="bbox 215 1529 956 1608; baseline 0.004 -22"><span class='ocrx_word' id='word_1_58' title='bbox 215 1529 371 1604; x_wconf 67' lang='lat' dir='ltr'><strong>Roget-ius,</strong></span> <span class='ocrx_word' id='word_1_59' title='bbox 383 1543 499 1606; x_wconf 85' lang='lat' dir='ltr'><strong>quartus</strong></span> <span class='ocrx_word' id='word_1_60' title='bbox 512 1533 551 1605; x_wconf 76' lang='lat' dir='ltr'><strong>(t)</strong></span> <span class='ocrx_word' id='word_1_61' title='bbox 565 1532 749 1606; x_wconf 80' lang='lat' dir='ltr'><strong>Nogionensis</strong></span> <span class='ocrx_word' id='word_1_62' title='bbox 763 1535 841 1608; x_wconf 89' lang='lat' dir='ltr'><strong>prior</strong></span> <span class='ocrx_word' id='word_1_63' title='bbox 853 1533 956 1603; x_wconf 83' lang='lat' dir='ltr'><strong>aimus,</strong></span> 
     </span>
     <span class='ocr_line' id='line_1_10' title="bbox 250 1617 776 1695; baseline 0.006 -18"><span class='ocrx_word' id='word_1_64' title='bbox 250 1621 348 1695; x_wconf 83' lang='lat' dir='ltr'><strong>Nuper</strong></span> <span class='ocrx_word' id='word_1_65' title='bbox 358 1624 453 1678; x_wconf 78' lang='lat' dir='ltr'><strong>visens</strong></span> <span class='ocrx_word' id='word_1_66' title='bbox 464 1623 527 1679; x_wconf 85' lang='lat' dir='ltr'><strong>luce</strong></span> <span class='ocrx_word' id='word_1_67' title='bbox 539 1617 695 1679; x_wconf 82' lang='lat' dir='ltr'><strong>decerubris</strong></span> <span class='ocrx_word' id='word_1_68' title='bbox 707 1625 776 1680; x_wconf 89' lang='lat' dir='ltr'><strong>obit.</strong></span> 
     </span>
    </p>

    <p class='ocr_par' dir='ltr' id='par_1_4' title="bbox 214 1709 1000 1858">
     <span class='ocr_line' id='line_1_11' title="bbox 214 1709 1000 1788; baseline 0.003 -21"><span class='ocrx_word' id='word_1_69' title='bbox 214 1709 434 1767; x_wconf 83' lang='lat' dir='ltr'><strong>Grammatieam</strong></span> <span class='ocrx_word' id='word_1_70' title='bbox 445 1710 546 1768; x_wconf 79' lang='lat' dir='ltr'><strong>didicit</strong></span> <span class='ocrx_word' id='word_1_71' title='bbox 556 1730 636 1785; x_wconf 89' lang='lat' dir='ltr'><strong>puer,</strong></span> <span class='ocrx_word' id='word_1_72' title='bbox 650 1723 679 1768; x_wconf 92' lang='lat' dir='ltr'><strong>et</strong></span> <span class='ocrx_word' id='word_1_73' title='bbox 689 1712 762 1768; x_wconf 84' lang='lat' dir='ltr'><strong>bona</strong></span> <span class='ocrx_word' id='word_1_74' title='bbox 774 1711 906 1786; x_wconf 76' lang='lat' dir='ltr'><strong>dogmata</strong></span> <span class='ocrx_word' id='word_1_75' title='bbox 916 1711 1000 1788; x_wconf 63' lang='lat' dir='ltr'><strong>legin</strong></span> 
     </span>
     <span class='ocr_line' id='line_1_12' title="bbox 249 1797 813 1858; baseline 0.002 -4"><span class='ocrx_word' id='word_1_76' title='bbox 249 1797 387 1856; x_wconf 84' lang='lat' dir='ltr'><strong>Imberbis</strong></span> <span class='ocrx_word' id='word_1_77' title='bbox 398 1800 537 1856; x_wconf 86' lang='lat' dir='ltr'><strong>mundum</strong></span> <span class='ocrx_word' id='word_1_78' title='bbox 547 1799 672 1858; x_wconf 89' lang='lat' dir='ltr'><strong>deseruit</strong></span> <span class='ocrx_word' id='word_1_79' title='bbox 684 1801 813 1857; x_wconf 85' lang='lat' dir='ltr'><strong>fluidum.</strong></span> 
     </span>
    </p>

    <p class='ocr_par' dir='ltr' id='par_1_5' title="bbox 214 1886 910 2054">
     <span class='ocr_line' id='line_1_13' title="bbox 214 1886 910 1962; baseline 0.001 -20"><span class='ocrx_word' id='word_1_80' title='bbox 214 1886 290 1942; x_wconf 86' lang='lat' dir='ltr'><strong>Pene</strong></span> <span class='ocrx_word' id='word_1_81' title='bbox 301 1897 401 1962; x_wconf 84' lang='lat' dir='ltr'><strong>quater</strong></span> <span class='ocrx_word' id='word_1_82' title='bbox 412 1887 493 1944; x_wconf 91' lang='lat' dir='ltr'><strong>denis</strong></span> <span class='ocrx_word' id='word_1_83' title='bbox 507 1889 661 1944; x_wconf 85' lang='lat' dir='ltr'><strong>monachus</strong></span> <span class='ocrx_word' id='word_1_84' title='bbox 673 1887 819 1944; x_wconf 84' lang='lat' dir='ltr'><strong>laudabilis</strong></span> <span class='ocrx_word' id='word_1_85' title='bbox 831 1889 910 1944; x_wconf 83' lang='lat' dir='ltr'><strong>annis</strong></span> 
     </span>
     <span class='ocr_line' id='line_1_14' title="bbox 247 1975 809 2054; baseline 0 -23"><span class='ocrx_word' id='word_1_86' title='bbox 247 1975 389 2032; x_wconf 76' lang='lat' dir='ltr'><strong>Ardentes</strong></span> <span class='ocrx_word' id='word_1_87' title='bbox 400 1978 494 2052; x_wconf 86' lang='lat' dir='ltr'><strong>superi</strong></span> <span class='ocrx_word' id='word_1_88' title='bbox 509 1979 593 2054; x_wconf 79' lang='lat' dir='ltr'><strong>gessit</strong></span> <span class='ocrx_word' id='word_1_89' title='bbox 603 1996 675 2034; x_wconf 88' lang='lat' dir='ltr'><strong>onus</strong></span> <span class='ocrx_word' id='word_1_90' title='bbox 687 1978 809 2033; x_wconf 85' lang='lat' dir='ltr'><strong>Domini.</strong></span> 
     </span>
    </p>

    <p class='ocr_par' dir='ltr' id='par_1_6' title="bbox 212 2061 921 2232">
     <span class='ocr_line' id='line_1_15' title="bbox 212 2061 921 2139; baseline 0 -19"><span class='ocrx_word' id='word_1_91' title='bbox 212 2061 385 2120; x_wconf 79' lang='lat' dir='ltr'><strong>Commodus</strong></span> <span class='ocrx_word' id='word_1_92' title='bbox 394 2065 455 2138; x_wconf 87' lang='lat' dir='ltr'><strong>ipse</strong></span> <span class='ocrx_word' id='word_1_93' title='bbox 466 2065 522 2120; x_wconf 79' lang='lat' dir='ltr'><strong>fuit</strong></span> <span class='ocrx_word' id='word_1_94' title='bbox 532 2065 611 2139; x_wconf 87' lang='lat' dir='ltr'><strong>prior</strong></span> <span class='ocrx_word' id='word_1_95' title='bbox 623 2067 702 2122; x_wconf 81' lang='lat' dir='ltr'><strong>annis</strong></span> <span class='ocrx_word' id='word_1_96' title='bbox 713 2067 756 2122; x_wconf 91' lang='lat' dir='ltr'><strong>bis</strong></span> <span class='ocrx_word' id='word_1_97' title='bbox 769 2063 921 2133; x_wconf 79' lang='lat' dir='ltr'><strong>duodenis,</strong></span> 
     </span>
     <span class='ocr_line' id='line_1_16' title="bbox 249 2154 850 2232; baseline 0.002 -22"><span class='ocrx_word' id='word_1_98' title='bbox 249 2154 396 2212; x_wconf 81' lang='lat' dir='ltr'><strong>Fratribus</strong></span> <span class='ocrx_word' id='word_1_99' title='bbox 406 2155 534 2229; x_wconf 83' lang='lat' dir='ltr'><strong>exemplo</strong></span> <span class='ocrx_word' id='word_1_100' title='bbox 545 2157 654 2231; x_wconf 78' lang='lat' dir='ltr'><strong>profuit</strong></span> <span class='ocrx_word' id='word_1_101' title='bbox 663 2175 753 2232; x_wconf 85' lang='lat' dir='ltr'><strong>usque</strong></span> <span class='ocrx_word' id='word_1_102' title='bbox 764 2156 850 2214; x_wconf 88' lang='lat' dir='ltr'><strong>bonu.</strong></span> 
     </span>
    </p>

    <p class='ocr_par' dir='ltr' id='par_1_7' title="bbox 211 2242 909 2409">
     <span class='ocr_line' id='line_1_17' title="bbox 211 2242 909 2320; baseline 0.001 -22"><span class='ocrx_word' id='word_1_103' title='bbox 211 2242 292 2300; x_wconf 83' lang='lat' dir='ltr'><strong>Pacis</strong></span> <span class='ocrx_word' id='word_1_104' title='bbox 304 2254 411 2299; x_wconf 84' lang='lat' dir='ltr'><strong>amator</strong></span> <span class='ocrx_word' id='word_1_105' title='bbox 422 2255 496 2312; x_wconf 82' lang='lat' dir='ltr'><strong>erat,</strong></span> <span class='ocrx_word' id='word_1_106' title='bbox 511 2244 607 2301; x_wconf 86' lang='lat' dir='ltr'><strong>multis</strong></span> <span class='ocrx_word' id='word_1_107' title='bbox 620 2245 751 2320; x_wconf 82' lang='lat' dir='ltr'><strong>prodesse</strong></span> <span class='ocrx_word' id='word_1_108' title='bbox 765 2244 909 2314; x_wconf 76' lang='lat' dir='ltr'><strong>studebat3</strong></span> 
     </span>
     <span class='ocr_line' id='line_1_18' title="bbox 250 2331 830 2409; baseline -0.002 -21"><span class='ocrx_word' id='word_1_109' title='bbox 250 2331 292 2388; x_wconf 88' lang='lat' dir='ltr'><strong>Ut</strong></span> <span class='ocrx_word' id='word_1_110' title='bbox 304 2333 449 2406; x_wconf 80' lang='lat' dir='ltr'><strong>prodesset</strong></span> <span class='ocrx_word' id='word_1_111' title='bbox 460 2334 511 2403; x_wconf 84' lang='lat' dir='ltr'><strong>eis,</strong></span> <span class='ocrx_word' id='word_1_112' title='bbox 524 2335 655 2390; x_wconf 87' lang='lat' dir='ltr'><strong>omnibus</strong></span> <span class='ocrx_word' id='word_1_113' title='bbox 668 2345 749 2409; x_wconf 83' lang='lat' dir='ltr'><strong>aptus</strong></span> <span class='ocrx_word' id='word_1_114' title='bbox 761 2345 830 2390; x_wconf 83' lang='lat' dir='ltr'><strong>erat.</strong></span> 
     </span>
    </p>

    <p class='ocr_par' dir='ltr' id='par_1_8' title="bbox 214 2418 847 2582">
     <span class='ocr_line' id='line_1_19' title="bbox 214 2418 847 2496; baseline 0 -20"><span class='ocrx_word' id='word_1_115' title='bbox 214 2418 344 2494; x_wconf 76' lang='lat' dir='ltr'><strong>Virginis</strong></span> <span class='ocrx_word' id='word_1_116' title='bbox 355 2421 461 2476; x_wconf 71' lang='lat' dir='ltr'><strong>eximie</strong></span> <span class='ocrx_word' id='word_1_117' title='bbox 471 2421 609 2495; x_wconf 87' lang='lat' dir='ltr'><strong>tempium</strong></span> <span class='ocrx_word' id='word_1_118' title='bbox 622 2422 740 2496; x_wconf 85' lang='lat' dir='ltr'><strong>speciale</strong></span> <span class='ocrx_word' id='word_1_119' title='bbox 753 2421 847 2478; x_wconf 74' lang='lat' dir='ltr'><strong>Marias</strong></span> 
     </span>
     <span class='ocr_line' id='line_1_20' title="bbox 247 2507 783 2582; baseline 0 -16"><span class='ocrx_word' id='word_1_120' title='bbox 247 2507 431 2582; x_wconf 78' lang='lat' dir='ltr'><strong>Sunuopere</strong></span> <span class='ocrx_word' id='word_1_121' title='bbox 444 2509 553 2568; x_wconf 76' lang='lat' dir='ltr'><strong>studuit</strong></span> <span class='ocrx_word' id='word_1_122' title='bbox 566 2510 701 2568; x_wconf 75' lang='lat' dir='ltr'><strong>edificare</strong></span> <span class='ocrx_word' id='word_1_123' title='bbox 713 2511 783 2568; x_wconf 87' lang='lat' dir='ltr'><strong>Deo.</strong></span> 
     </span>
    </p>

    <p class='ocr_par' dir='ltr' id='par_1_9' title="bbox 214 2593 946 2761">
     <span class='ocr_line' id='line_1_21' title="bbox 214 2593 896 2671; baseline 0.003 -21"><span class='ocrx_word' id='word_1_124' title='bbox 214 2593 329 2652; x_wconf 81' lang='lat' dir='ltr'><strong>Summe</strong></span> <span class='ocrx_word' id='word_1_125' title='bbox 341 2597 429 2666; x_wconf 88' lang='lat' dir='ltr'><strong>Deus,</strong></span> <span class='ocrx_word' id='word_1_126' title='bbox 445 2615 553 2671; x_wconf 86' lang='lat' dir='ltr'><strong>precor,</strong></span> <span class='ocrx_word' id='word_1_127' title='bbox 567 2599 654 2671; x_wconf 86' lang='lat' dir='ltr'><strong>ipsius</strong></span> <span class='ocrx_word' id='word_1_128' title='bbox 666 2598 777 2654; x_wconf 88' lang='lat' dir='ltr'><strong>dimitte</strong></span> <span class='ocrx_word' id='word_1_129' title='bbox 789 2607 896 2664; x_wconf 82' lang='lat' dir='ltr'><strong>reatus;</strong></span> 
     </span>
     <span class='ocr_line' id='line_1_22' title="bbox 250 2683 946 2761; baseline -0.003 -22"><span class='ocrx_word' id='word_1_130' title='bbox 250 2683 354 2740; x_wconf 80' lang='lat' dir='ltr'><strong>Confer</strong></span> <span class='ocrx_word' id='word_1_131' title='bbox 364 2685 390 2740; x_wconf 89' lang='lat' dir='ltr'><strong>ei</strong></span> <span class='ocrx_word' id='word_1_132' title='bbox 401 2687 501 2757; x_wconf 82' lang='lat' dir='ltr'><strong>vitans,</strong></span> <span class='ocrx_word' id='word_1_133' title='bbox 514 2685 574 2742; x_wconf 86' lang='lat' dir='ltr'><strong>Rex</strong></span> <span class='ocrx_word' id='word_1_134' title='bbox 587 2687 646 2760; x_wconf 83' lang='lat' dir='ltr'><strong>pie,</strong></span> <span class='ocrx_word' id='word_1_135' title='bbox 660 2692 834 2761; x_wconf 82' lang='lat' dir='ltr'><strong>perpetuam.</strong></span> <span class='ocrx_word' id='word_1_136' title='bbox 846 2685 946 2740; x_wconf 79' lang='lat' dir='ltr'><strong>Amen.</strong></span> 
     </span>
    </p>
   </div>
   <div class='ocr_carea' id='block_1_4' title="bbox 124 2845 1188 3521">
    <p class='ocr_par' dir='ltr' id='par_1_10' title="bbox 124 2845 1188 3180">
     <span class='ocr_line' id='line_1_23' title="bbox 124 2845 1188 2949; baseline -0.002 -26"><span class='ocrx_word' id='word_1_137' title='bbox 124 2849 188 2923; x_wconf 86' lang='lat' dir='ltr'><strong>iiis</strong></span> <span class='ocrx_word' id='word_1_138' title='bbox 199 2851 320 2949; x_wconf 76' lang='lat' dir='ltr'><strong>itaque</strong></span> <span class='ocrx_word' id='word_1_139' title='bbox 330 2851 434 2925; x_wconf 86' lang='lat' dir='ltr'><strong>dictis</strong></span> <span class='ocrx_word' id='word_1_140' title='bbox 449 2851 495 2926; x_wconf 92' lang='lat' dir='ltr'><strong>de</strong></span> <span class='ocrx_word' id='word_1_141' title='bbox 507 2853 630 2926; x_wconf 86' lang='lat' dir='ltr'><strong>amieis</strong></span> <span class='ocrx_word' id='word_1_142' title='bbox 643 2867 679 2927; x_wconf 87' lang='lat' dir='ltr'><strong>et</strong></span> <span class='ocrx_word' id='word_1_143' title='bbox 692 2854 786 2925; x_wconf 87' lang='lat' dir='ltr'><strong>notis</strong></span> <span class='ocrx_word' id='word_1_144' title='bbox 799 2849 992 2940; x_wconf 84' lang='lat' dir='ltr'><strong>sodalibus,</strong></span> <span class='ocrx_word' id='word_1_145' title='bbox 1008 2845 1188 2945; x_wconf 84' lang='lat' dir='ltr'><strong>regrediar</strong></span> 
     </span>
     <span class='ocr_line' id='line_1_24' title="bbox 124 2960 1187 3062; baseline -0.006 -23"><span class='ocrx_word' id='word_1_146' title='bbox 124 2965 174 3039; x_wconf 86' lang='lat' dir='ltr'><strong>ad</strong></span> <span class='ocrx_word' id='word_1_147' title='bbox 193 2967 331 3041; x_wconf 83' lang='lat' dir='ltr'><strong>annalis</strong></span> <span class='ocrx_word' id='word_1_148' title='bbox 349 2967 506 3042; x_wconf 72' lang='lat' dir='ltr'><strong>historie</strong></span> <span class='ocrx_word' id='word_1_149' title='bbox 531 2970 678 3060; x_wconf 88' lang='lat' dir='ltr'><strong>seriem,</strong></span> <span class='ocrx_word' id='word_1_150' title='bbox 701 2966 800 3040; x_wconf 90' lang='lat' dir='ltr'><strong>unde</strong></span> <span class='ocrx_word' id='word_1_151' title='bbox 824 2991 904 3040; x_wconf 89' lang='lat' dir='ltr'><strong>sum</strong></span> <span class='ocrx_word' id='word_1_152' title='bbox 928 2960 1187 3062; x_wconf 87' lang='lat' dir='ltr'><strong>aliquantulum</strong></span> 
     </span>
     <span class='ocr_line' id='line_1_25' title="bbox 125 3078 522 3180; baseline 0.008 -28"><span class='ocrx_word' id='word_1_153' title='bbox 125 3078 316 3178; x_wconf 79' lang='lat' dir='ltr'><strong>digresstrs.</strong></span> <span class='ocrx_word' id='word_1_154' title='bbox 518 3171 522 3180; x_wconf 90' lang='lat'><em>.</em></span> 
     </span>
    </p>

    <p class='ocr_par' dir='ltr' id='par_1_11' title="bbox 124 3194 1187 3521">
     <span class='ocr_line' id='line_1_26' title="bbox 174 3194 1187 3284; baseline 0 -17"><span class='ocrx_word' id='word_1_155' title='bbox 174 3199 330 3269; x_wconf 83' lang='lat' dir='ltr'><strong>XXXIV.</strong></span> <span class='ocrx_word' id='word_1_156' title='bbox 348 3201 451 3272; x_wconf 79' lang='lat' dir='ltr'><strong>Anno</strong></span> <span class='ocrx_word' id='word_1_157' title='bbox 464 3197 511 3270; x_wconf 86' lang='lat' dir='ltr'><strong>nb</strong></span> <span class='ocrx_word' id='word_1_158' title='bbox 523 3197 772 3270; x_wconf 79' lang='lat' dir='ltr'><strong>incarnatione</strong></span> <span class='ocrx_word' id='word_1_159' title='bbox 783 3196 1119 3284; x_wconf 83' lang='lat' dir='ltr'><strong>Dominiu⁰u⁰vn1⁰‚</strong></span> <span class='ocrx_word' id='word_1_160' title='bbox 1131 3194 1187 3267; x_wconf 93' lang='lat' dir='ltr'><strong>in·</strong></span> 
     </span>
     <span class='ocr_line' id='line_1_27' title="bbox 124 3308 1184 3412; baseline 0 -30"><span class='ocrx_word' id='word_1_161' title='bbox 124 3308 329 3403; x_wconf 70' lang='lat' dir='ltr'><strong>dodones,</strong></span> <span class='ocrx_word' id='word_1_162' title='bbox 339 3311 533 3412; x_wconf 90' lang='lat' dir='ltr'><strong>Philippus,</strong></span> <span class='ocrx_word' id='word_1_163' title='bbox 543 3337 605 3386; x_wconf 83' lang='lat' dir='ltr'><strong>rex</strong></span> <span class='ocrx_word' id='word_1_164' title='bbox 613 3317 843 3402; x_wconf 85' lang='lat' dir='ltr'><strong>Francorum,</strong></span> <span class='ocrx_word' id='word_1_165' title='bbox 857 3309 1034 3383; x_wconf 89' lang='lat' dir='ltr'><strong>inlectum</strong></span> <span class='ocrx_word' id='word_1_166' title='bbox 1040 3309 1184 3402; x_wconf 86' lang='lat' dir='ltr'><strong>decidit,</strong></span> 
     </span>
     <span class='ocr_line' id='line_1_28' title="bbox 124 3423 1187 3521; baseline 0.001 -27"><span class='ocrx_word' id='word_1_167' title='bbox 124 3436 162 3494; x_wconf 86' lang='lat' dir='ltr'><strong>et</strong></span> <span class='ocrx_word' id='word_1_168' title='bbox 177 3438 261 3521; x_wconf 90' lang='lat' dir='ltr'><strong>post</strong></span> <span class='ocrx_word' id='word_1_169' title='bbox 274 3423 428 3498; x_wconf 88' lang='lat' dir='ltr'><strong>diutinas</strong></span> <span class='ocrx_word' id='word_1_170' title='bbox 441 3425 676 3516; x_wconf 86' lang='lat' dir='ltr'><strong>infirmitates,</strong></span> <span class='ocrx_word' id='word_1_171' title='bbox 697 3441 737 3498; x_wconf 91' lang='lat' dir='ltr'><strong>ut</strong></span> <span class='ocrx_word' id='word_1_172' title='bbox 752 3424 819 3498; x_wconf 89' lang='lat' dir='ltr'><strong>sibi</strong></span> <span class='ocrx_word' id='word_1_173' title='bbox 834 3439 988 3497; x_wconf 89' lang='lat' dir='ltr'><strong>mortem</strong></span> <span class='ocrx_word' id='word_1_174' title='bbox 1001 3423 1187 3496; x_wconf 89' lang='lat' dir='ltr'><strong>imminere</strong></span> 
     </span>
    </p>
   </div>
   <div class='ocr_carea' id='block_1_5' title="bbox 159 3719 1308 3808">
    <p class='ocr_par' dir='ltr' id='par_1_12' title="bbox 159 3719 1308 3808">
     <span class='ocr_line' id='line_1_29' title="bbox 159 3719 1308 3808; baseline -0.004 -18"><span class='ocrx_word' id='word_1_175' title='bbox 159 3733 201 3805; x_wconf 79' lang='lat' dir='ltr'><strong>(i)</strong></span> <span class='ocrx_word' id='word_1_176' title='bbox 218 3731 429 3803; x_wconf 78' lang='lat' dir='ltr'><strong>Ilsernbiersit,</strong></span> <span class='ocrx_word' id='word_1_177' title='bbox 444 3719 553 3808; x_wconf 74' lang='lat' dir='ltr'><strong>d’apres</strong></span> <span class='ocrx_word' id='word_1_178' title='bbox 568 3745 643 3790; x_wconf 85' lang='lat' dir='ltr'><strong>eette</strong></span> <span class='ocrx_word' id='word_1_179' title='bbox 659 3732 805 3808; x_wconf 72' lang='lat' dir='ltr'><strong>ipitaphe,</strong></span> <span class='ocrx_word' id='word_1_180' title='bbox 824 3749 879 3807; x_wconf 87' lang='lat' dir='ltr'><strong>que</strong></span> <span class='ocrx_word' id='word_1_181' title='bbox 891 3742 971 3788; x_wconf 88' lang='lat' dir='ltr'><strong>notre</strong></span> <span class='ocrx_word' id='word_1_182' title='bbox 983 3743 1084 3788; x_wconf 73' lang='lat' dir='ltr'><strong>autern</strong></span> <span class='ocrx_word' id='word_1_183' title='bbox 1097 3732 1188 3788; x_wconf 83' lang='lat' dir='ltr'><strong>aurait</strong></span> <span class='ocrx_word' id='word_1_184' title='bbox 1304 3749 1308 3762; x_wconf 79' lang='grc'><strong><em>·</em></strong></span> 
     </span>
    </p>
   </div>
   <div class='ocr_carea' id='block_1_6' title="bbox 126 3815 1216 4332">
    <p class='ocr_par' dir='ltr' id='par_1_13' title="bbox 126 3815 1216 4332">
     <span class='ocr_line' id='line_1_30' title="bbox 126 3815 1188 3898; baseline 0.002 -23"><span class='ocrx_word' id='word_1_185' title='bbox 126 3820 198 3876; x_wconf 85' lang='lat' dir='ltr'><strong>omis</strong></span> <span class='ocrx_word' id='word_1_186' title='bbox 214 3821 288 3878; x_wconf 82' lang='lat' dir='ltr'><strong>deur</strong></span> <span class='ocrx_word' id='word_1_187' title='bbox 303 3823 413 3897; x_wconf 86' lang='lat' dir='ltr'><strong>prieurs</strong></span> <span class='ocrx_word' id='word_1_188' title='bbox 429 3821 465 3878; x_wconf 87' lang='lat' dir='ltr'><strong>de</strong></span> <span class='ocrx_word' id='word_1_189' title='bbox 484 3823 596 3896; x_wconf 79' lang='lat' dir='ltr'><strong>Noyon,</strong></span> <span class='ocrx_word' id='word_1_190' title='bbox 615 3821 747 3898; x_wconf 88' lang='lat' dir='ltr'><strong>puisqu’ii</strong></span> <span class='ocrx_word' id='word_1_191' title='bbox 768 3815 838 3877; x_wconf 83' lang='lat' dir='ltr'><strong>nous</strong></span> <span class='ocrx_word' id='word_1_192' title='bbox 857 3841 873 3877; x_wconf 83' lang='lat' dir='ltr'><strong>a</strong></span> <span class='ocrx_word' id='word_1_193' title='bbox 893 3823 1020 3896; x_wconf 69' lang='lat' dir='ltr'><strong>presente</strong></span> <span class='ocrx_word' id='word_1_194' title='bbox 1036 3839 1145 3878; x_wconf 85' lang='lat' dir='ltr'><strong>comme</strong></span> <span class='ocrx_word' id='word_1_195' title='bbox 1160 3821 1188 3877; x_wconf 89' lang='lat' dir='ltr'><strong>le</strong></span> 
     </span>
     <span class='ocr_line' id='line_1_31' title="bbox 126 3907 1216 3985; baseline 0.001 -21"><span class='ocrx_word' id='word_1_196' title='bbox 126 3907 230 3964; x_wconf 68' lang='lat' dir='ltr'><strong>neond</strong></span> <span class='ocrx_word' id='word_1_197' title='bbox 245 3908 350 3984; x_wconf 73' lang='lat' dir='ltr'><strong>Reges,</strong></span> <span class='ocrx_word' id='word_1_198' title='bbox 367 3911 417 3985; x_wconf 84' lang='lat' dir='ltr'><strong>qui</strong></span> <span class='ocrx_word' id='word_1_199' title='bbox 433 3911 552 3967; x_wconf 82' lang='lat' dir='ltr'><strong>u’aurait</strong></span> <span class='ocrx_word' id='word_1_200' title='bbox 569 3914 614 3968; x_wconf 76' lang='lat' dir='ltr'><strong>e&#39;te</strong></span> <span class='ocrx_word' id='word_1_201' title='bbox 630 3911 792 3967; x_wconf 79' lang='lat' dir='ltr'><strong>reieliemeut</strong></span> <span class='ocrx_word' id='word_1_202' title='bbox 808 3927 863 3984; x_wconf 90' lang='lat' dir='ltr'><strong>que</strong></span> <span class='ocrx_word' id='word_1_203' title='bbox 881 3908 907 3966; x_wconf 87' lang='lat' dir='ltr'><strong>le</strong></span> <span class='ocrx_word' id='word_1_204' title='bbox 925 3911 1091 3985; x_wconf 73' lang='lat' dir='ltr'><strong>quatrieme.</strong></span> <span class='ocrx_word' id='word_1_205' title='bbox 1109 3909 1188 3966; x_wconf 83' lang='lat' dir='ltr'><strong>Nous</strong></span> <span class='ocrx_word' id='word_1_206' title='bbox 1209 3919 1216 3932; x_wconf 85' lang='grc'><strong>’</strong></span> 
     </span>
     <span class='ocr_line' id='line_1_32' title="bbox 127 3996 1188 4072; baseline 0.005 -22"><span class='ocrx_word' id='word_1_207' title='bbox 127 4011 248 4068; x_wconf 76' lang='lat' dir='ltr'><strong>pensum</strong></span> <span class='ocrx_word' id='word_1_208' title='bbox 262 3996 346 4071; x_wconf 77' lang='lat' dir='ltr'><strong>qa’on</strong></span> <span class='ocrx_word' id='word_1_209' title='bbox 363 4007 432 4071; x_wconf 84' lang='lat' dir='ltr'><strong>peut</strong></span> <span class='ocrx_word' id='word_1_210' title='bbox 446 3997 540 4072; x_wconf 82' lang='lat' dir='ltr'><strong>piaeer</strong></span> <span class='ocrx_word' id='word_1_211' title='bbox 555 4014 583 4053; x_wconf 88' lang='lat' dir='ltr'><strong>sa</strong></span> <span class='ocrx_word' id='word_1_212' title='bbox 599 4007 751 4055; x_wconf 73' lang='lat' dir='ltr'><strong>mortiers</strong></span> <span class='ocrx_word' id='word_1_213' title='bbox 767 3999 848 4066; x_wconf 77' lang='grc'><strong>4437,</strong></span> <span class='ocrx_word' id='word_1_214' title='bbox 867 3997 909 4054; x_wconf 86' lang='lat' dir='ltr'><strong>s&#39;il</strong></span> <span class='ocrx_word' id='word_1_215' title='bbox 926 3999 970 4054; x_wconf 84' lang='lat' dir='ltr'><strong>tut</strong></span> <span class='ocrx_word' id='word_1_216' title='bbox 986 3997 1013 4053; x_wconf 87' lang='lat' dir='ltr'><strong>le</strong></span> <span class='ocrx_word' id='word_1_217' title='bbox 1029 4013 1188 4054; x_wconf 71' lang='lat' dir='ltr'><strong>successeur</strong></span> 
     </span>
     <span class='ocr_line' id='line_1_33' title="bbox 128 4080 1187 4161; baseline 0.004 -26"><span class='ocrx_word' id='word_1_218' title='bbox 128 4080 274 4140; x_wconf 70' lang='lat' dir='ltr'><strong>immediat</strong></span> <span class='ocrx_word' id='word_1_219' title='bbox 285 4083 321 4140; x_wconf 92' lang='lat' dir='ltr'><strong>de</strong></span> <span class='ocrx_word' id='word_1_220' title='bbox 332 4083 441 4141; x_wconf 85' lang='lat' dir='ltr'><strong>Robert</strong></span> <span class='ocrx_word' id='word_1_221' title='bbox 450 4085 487 4142; x_wconf 92' lang='lat' dir='ltr'><strong>de</strong></span> <span class='ocrx_word' id='word_1_222' title='bbox 498 4085 639 4142; x_wconf 81' lang='lat' dir='ltr'><strong>Pruuelsi.</strong></span> <span class='ocrx_word' id='word_1_223' title='bbox 653 4086 708 4142; x_wconf 90' lang='lat' dir='ltr'><strong>Sur</strong></span> <span class='ocrx_word' id='word_1_224' title='bbox 718 4104 750 4142; x_wconf 88' lang='lat' dir='ltr'><strong>oe</strong></span> <span class='ocrx_word' id='word_1_225' title='bbox 764 4103 948 4161; x_wconf 74' lang='lat' dir='ltr'><strong>persouuage‚</strong></span> <span class='ocrx_word' id='word_1_226' title='bbox 959 4086 1010 4160; x_wconf 89' lang='lat' dir='ltr'><strong>qui</strong></span> <span class='ocrx_word' id='word_1_227' title='bbox 1018 4085 1063 4140; x_wconf 85' lang='lat' dir='ltr'><strong>iut</strong></span> <span class='ocrx_word' id='word_1_228' title='bbox 1075 4083 1187 4160; x_wconf 71' lang='lat' dir='ltr'><strong>qualite</strong></span> 
     </span>
     <span class='ocr_line' id='line_1_34' title="bbox 129 4165 1185 4248; baseline 0.002 -23"><span class='ocrx_word' id='word_1_229' title='bbox 129 4165 164 4224; x_wconf 80' lang='lat' dir='ltr'><strong>de</strong></span> <span class='ocrx_word' id='word_1_230' title='bbox 178 4169 291 4226; x_wconf 78' lang='lat' dir='ltr'><strong>Foudre</strong></span> <span class='ocrx_word' id='word_1_231' title='bbox 304 4170 495 4246; x_wconf 78' lang='lat' dir='ltr'><strong>d’ls&#39;ioquenee</strong></span> <span class='ocrx_word' id='word_1_232' title='bbox 509 4191 560 4247; x_wconf 85' lang='lat' dir='ltr'><strong>par</strong></span> <span class='ocrx_word' id='word_1_233' title='bbox 574 4191 617 4231; x_wconf 88' lang='lat' dir='ltr'><strong>ses</strong></span> <span class='ocrx_word' id='word_1_234' title='bbox 627 4175 864 4248; x_wconf 55' lang='lat' dir='ltr'><strong>contemporainn</strong></span> <span class='ocrx_word' id='word_1_235' title='bbox 879 4192 961 4248; x_wconf 81' lang='lat' dir='ltr'><strong>voyer</strong></span> <span class='ocrx_word' id='word_1_236' title='bbox 973 4171 1185 4230; x_wconf 75' lang='grc' dir='ltr'><strong><em>1Ἦίεωὶκὶιά-</em></strong></span> 
     </span>
     <span class='ocr_line' id='line_1_35' title="bbox 131 4253 778 4332; baseline 0.015 -20"><span class='ocrx_word' id='word_1_237' title='bbox 131 4257 520 4332; x_wconf 68' lang='lat' dir='ltr'><strong>msnaermm,1X‚ss.</strong></span> <span class='ocrx_word' id='word_1_238' title='bbox 770 4253 778 4258; x_wconf 84' lang='grc'><strong>’</strong></span> 
     </span>
    </p>
   </div>
   <div class='ocr_carea' id='block_1_7' title="bbox 0 0 1578 5058">
    <p class='ocr_par' dir='ltr' id='par_1_14' title="bbox 0 0 1578 5058">
     <span class='ocr_line' id='line_1_36' title="bbox 0 0 1578 5058; baseline 0 0"><span class='ocrx_word' id='word_1_239' title='bbox 0 0 1578 5058; x_wconf 95' lang='lat' dir='ltr'><strong> </strong></span> 
     </span>
    </p>
   </div>
  </div>
 </body>
</html>
