2888 4934
120 435 226 513 [tres]
451 429 567 490 ulnas
587 419 854 492 uuonacruus.
1116 430 1175 492 ssa

120 566 273 638 chorum
286 563 429 636 obviam
442 563 625 662 prooessit,
643 573 680 633 et
694 560 845 633 cadaver
857 562 894 631 in
907 559 1052 632 basilica
1061 586 1178 635 susce·

121 682 186 779 pit.
211 679 264 751 lbi
284 703 385 750 secus
403 676 622 750 liudbertum
643 675 773 747 ducem
792 675 969 774 sepultum
992 690 1060 767 est,
1085 691 1120 749 et
1139 678 1176 750 in

123 795 241 895 lapide
257 793 479 894 superposito
495 790 715 892 epitaphium
732 789 979 887 hujuscemodi
998 806 1178 864 exaratum

122 908 175 966 est
194 921 202 964 :

212 1029 294 1086 Miles
306 1028 440 1093 famosus,
456 1025 639 1090 Gnillelmus‚
654 1027 698 1083 vir
710 1043 872 1098 generosus,

212 1117 340 1173 Marchio
352 1114 544 1185 Flandrensis,
554 1116 629 1189 jacet
643 1114 704 1183 hic,
718 1114 871 1171 monachus
883 1115 1040 1173 Sithiensis.

212 1204 372 1261 liodbertus
383 1213 463 1277 pater
474 1202 556 1271 hnic,
574 1214 716 1278 materque
730 1200 833 1276 Sibylla
843 1200 937 1270 (uere,

212 1294 248 1348 Et
260 1293 486 1348 Normannornm
500 1291 591 1364 gentis
603 1289 714 1346 frenum
724 1300 850 1345 tenuere.

148 1389 152 1399 ’
214 1380 326 1456 Luxque
338 1379 520 1435 kalendarum
531 1379 637 1435 sextilis
649 1378 747 1454 quinta
760 1377 876 1445 redivit,

211 1470 284 1525 Cnm
296 1486 409 1542 pugnax
417 1466 493 1541 apud
503 1467 565 1524 Alst
575 1468 650 1522 ferro
661 1467 788 1541 plagatus
799 1466 885 1522 obivit
895 1465 944 1539 (l).

174 1631 366 1726 lohannes,
382 1630 475 1704 filius
487 1630 626 1704 Odonis
639 1632 839 1704 Baiocensis
852 1633 1010 1734 episcopi
1023 1635 1093 1733 (2),
1109 1638 1184 1737 pri·

127 1768 207 1819 mus
223 1749 415 1820 Henricum
430 1772 550 1844 regem
566 1746 693 1840 adivit,
713 1748 817 1846 eique
832 1772 956 1822 casum
973 1753 1113 1850 nepotis
1130 1754 1186 1826 sui

126 1865 326 1956 nunciavit,
352 1879 387 1937 et
414 1863 582 1961 sigillatos
607 1864 725 1962 apices
749 1863 795 1936 de
818 1879 919 1965 parte
940 1866 1016 1964 ejus
1038 1868 1185 1968 supplex

126 1977 269 2073 obtulit,
285 1981 322 2051 in
335 1980 466 2076 quibus
477 1979 635 2051 moriens
648 1980 933 2052 adulescentulus
944 2004 965 2053 a
978 1995 1108 2081 patruo
1119 2006 1186 2056 suo

127 2095 304 2166 malorum
317 2119 397 2193 quae
407 2110 533 2168 contra
545 2095 645 2166 illum
659 2095 790 2167 fecerat
799 2094 1056 2194 indulgentiam
1067 2112 1188 2198 postu·

126 2208 238 2299 labat,
260 2234 416 2308 eumque
432 2223 472 2281 ut
487 2233 612 2281 omnes
630 2209 693 2306 qui
708 2208 757 2281 ad
773 2234 811 2281 se
826 2210 1077 2308 confriget-ant,
1096 2216 1125 2287 si
1139 2212 1187 2288 ad

127 2324 228 2395 illum
243 2338 461 2415 remearent,
478 2323 635 2420 benigne
649 2325 859 2424 susciperet,
879 2325 1101 2401 obsecrabat.
1126 2329 1188 2402 His

128 2440 246 2536 itaque
257 2464 318 2511 rex
331 2441 507 2540 perceptis
517 2441 655 2527 annuit,
674 2455 710 2512 et
722 2442 842 2539 plures
855 2442 901 2514 ad
915 2441 1017 2515 illum
1028 2467 1188 2518 reversus

128 2558 277 2655 recepit,
297 2557 356 2629 alii
372 2580 458 2628 vero
474 2557 721 2657 quamplures,
739 2555 842 2629 herili
859 2584 947 2630 nece
965 2559 1186 2654 conturbati,

128 2695 270 2743 crucem
287 2673 432 2742 Domini
448 2672 682 2763 sustulerunt,
702 2685 737 2742 et
752 2671 872 2742 extsses
890 2696 958 2769 pro
975 2673 1117 2748 Christo
1134 2699 1188 2747 se·

129 2784 294 2884 pulcrum
316 2785 392 2880 ejus
414 2785 452 2855 in
475 2784 669 2856 Jerusalem
695 2786 929 2884 expetierunt.
949 2787 1190 2889 Theodericus

129 2915 249 2972 autem
270 2899 440 2972 Auxensis
459 2900 683 2972 Morinorum
700 2899 775 2973 dux
795 2901 907 2976 saenis
926 2918 995 2995 est,
1018 2920 1055 2977 et
1074 2906 1191 2980 Ludos

166 3170 207 3239 (4)
221 3168 384 3225 Guillanrne
398 3165 493 3226 Cliton
511 3169 555 3225 lut
570 3188 606 3226 en
625 3169 690 3226 effet
703 3174 816 3228 enters-e
834 3172 903 3229 dans
919 3173 1024 3247 l'eglise
1044 3175 1079 3231 de
1096 3174 1191 3234 Saint-

130 3260 241 3324 Bertin‚
254 3260 319 3333 pres
336 3258 371 3314 de
384 3277 435 3314 son
450 3261 548 3316 cousin
564 3259 914 3336 &neomutus-nacha,
928 3274 957 3320 et
969 3282 1019 3320 suu
1032 3263 1162 3323 tombam
1175 3284 1192 3320 a

130 3351 175 3403 ete'
191 3350 273 3422 grave
291 3346 359 3402 dans
377 3347 518 3404 l'Histot're
536 3348 587 3404 des
609 3349 721 3407 Sceuux
739 3350 791 3408 des
809 3363 913 3408 comtes
925 3344 961 3408 de
979 3351 1115 3410 Flandre.
1134 3354 1191 3412 son

130 3435 261 3509 epitaphe
279 3453 383 3508 pronve
398 3435 482 3509 qn’en
495 3434 558 3493 effet
570 3436 591 3492 il
604 3438 674 3494 eutr
686 3448 761 3494 murt
772 3457 837 3495 suns
850 3440 876 3496 le
892 3440 966 3510 froc,
983 3457 1091 3498 comme
1107 3442 1134 3498 le
1148 3441 1191 3498 dit

130 3533 211 3577 notre
224 3533 333 3579 auteur.

166 3611 205 3681 (2)
223 3610 301 3665 Nous
311 3628 394 3666 avons
408 3610 471 3682 deja
483 3629 519 3664 vu
530 3613 567 3683 (t.
580 3612 638 3682 111,
654 3632 683 3687 p.
695 3615 779 3688 264),
794 3634 850 3690 que
861 3635 893 3672 ce
903 3634 1075 3692 personnage
1086 3617 1192 3674 brillait
1247 3650 1250 3659 ·

130 3697 184 3753 ala
196 3716 265 3752 cunr
275 3697 310 3753 de
322 3699 410 3754 Henri
419 3699 453 3753 1δι
465 3716 575 3773 parson
586 3700 738 3775 eloquence
747 3713 777 3758 et
790 3721 840 3759 sun
851 3704 1011 3763 honnetete.
1022 3705 1047 3761 Il
1057 3715 1107 3761 ent
1118 3724 1191 3779 pour

132 3785 173 3840 fils
187 3804 226 3840 uu
239 3785 360 3853 Rubert,
372 3789 532 3843 surnumme
545 3787 695 3843 Peru-Fur
706 3789 742 3844 de
754 3774 888 3866 l'ssvique
900 3793 1014 3867 (Nepos
1024 3794 1188 3866 Episcopi),

131 3873 200 3928 dans
215 3872 241 3929 le
259 3873 328 3929 Rule
342 3872 377 3929 de
393 3861 565 3949 l'lichiquier
581 3875 617 3931 de
632 3880 713 3936 4434.
727 3878 767 3934 Ge
784 3878 891 3936 Robcrt
906 3883 997 3955 parait
1012 3882 1089 3937 avoir
1103 3884 1148 3937 ete
1163 3880 1190 3938 le

133 3962 304 4035 grand-pere
324 3961 359 4017 de
376 3961 539 4018 Guillanrne
559 3962 599 4018 du
617 3964 763 4036 Hommet,
784 3969 947 4028 connetable
964 3968 999 4024 de
1018 3970 1190 4026 Normandie

132 4067 195 4103 sous
214 4048 240 4104 le
259 4050 302 4103 roi
321 4051 408 4104 Henri
428 4051 464 4104 ΙΙ.
484 4051 557 4123 Voy.
577 4051 616 4108 les
635 4051 833 4117 Observations
852 4056 888 4112 dc
909 4058 945 4110 Μ.
969 4057 1128 4132 stapleton,
1145 4057 1188 4128 11,-

131 4156 242 4192 cnxxxn.
1154 4166 1157 4171 ·
