2888 4934
194 400 256 461 2³6
466 398 651 461 HISTORIA
673 394 979 458 Eccttsusttcs.
1146 394 1254 474 [11⁰6]

194 533 281 603 lium
303 556 412 629 regno
427 558 497 629 per
518 549 664 622 eatera;
683 550 718 605 et
738 531 838 605 rebus
852 557 896 603 uc
914 529 1079 628 prediis,
1102 554 1183 626 qua
1196 528 1257 627 pii

192 647 340 718 barones
367 662 473 717 antea
498 647 685 735 dederant,
715 647 868 745 spoliato
890 662 976 718 sunt
1001 644 1255 717 neonacliontnt

191 761 357 834 cambia.
377 761 483 834 Nulli
490 763 661 861 parcebat
673 764 873 861 iniquorum
887 760 1064 833 violentia.
1083 763 1208 832 Tr'rnor
1220 778 1255 831 ct

193 876 305 949 luctus
313 877 645 977 implebuntomnia.
659 879 822 972 Quotidie
827 878 1071 977 multipliciter
1077 890 1256 949 crescente

192 993 368 1067 malorum
385 995 557 1093 nequitia,
572 1021 668 1093 pene
682 999 798 1068 omnis
814 993 996 1093 deperibat
1012 992 1126 1065 divini
1140 992 1256 1066 culm

191 1113 397 1184 reverena'a.
428 1116 565 1211 Longas
591 1111 721 1184 exinde
743 1111 907 1212 ambages
923 1110 1107 1209 protelare
1128 1134 1256 1208 super*-

192 1227 305 1303 fluum
328 1244 392 1299 est.
420 1226 686 1301 demordemus
711 1228 876 1301 basilicas
903 1233 942 1301 in
966 1225 1131 1326 pluribus
1157 1232 1255 1301 Nor·

191 1346 345 1415 manniae
361 1343 445 1416 lenis
459 1360 716 1431 concrematas,
733 1342 895 1417 dioeemes
905 1344 1158 1442 parrochianis
1172 1346 1257 1415 Μ’-

189 1476 327 1545 cuatus,
352 1475 390 1530 ct
406 1458 523 1548 urbes,
543 1460 712 1559 villisque
730 1460 878 1532 malitiis
890 1475 924 1531 et
940 1461 1110 1531 arumnis
1129 1455 1258 1556 ubiqoe

190 1574 354 1673 repletas.
376 1574 537 1649 Nobilem
553 1578 671 1674 itaque
681 1577 905 1674 provinciam
925 1592 978 1661 tu,
1000 1572 1257 1671 compb'oetqtn

190 1694 243 1763 tui
272 1694 541 1791 coinquinastis,
575 1707 614 1763 et
645 1696 738 1762 iram
769 1693 842 1762 Dei
872 1706 998 1762 contra
1030 1691 1257 1785 vosmetipsos

189 1811 369 1881 irritastis.
395 1815 496 1881 lusto
513 1807 650 1907 judicio
675 1811 747 1880 Dei
765 1825 884 1880 aetum
906 1806 1079 1906 estquod
1098 1806 1259 1879 amatori

182 1925 287 2019 pacis
320 1940 358 1995 et
378 1922 529 2022 justitae
560 1925 703 1995 victoria
728 1923 863 1996 coelitus
888 1920 1021 1996 collato
1047 1936 1115 2007 est,
1149 1935 1257 2019 atque

188 2039 371 2107 contraria
384 2060 477 2134 pars
495 2040 638 2134 penitas
657 2036 782 2109 obruta
802 2054 867 2111 est.
894 2040 1028 2109 Contra
1048 2034 1153 2106 illurn
1172 2032 1256 2107 nul·

190 2149 329 2223 luteum
349 2178 533 2252 assurgere
553 2157 662 2242 nitar,
685 2181 730 2225 ne
746 2160 881 2242 Deum,
902 2156 966 2252 qui
979 2167 1162 2251 protector
1177 2149 1257 2251 ejus

188 2282 256 2353 est,
285 2265 488 2363 offendens,
517 2273 556 2341 in
583 2295 640 2341 me
660 2295 854 2367 provocare
881 2268 1011 2341 videar.
1040 2274 1193 2355 Verum,
1222 2266 1257 2339 si

188 2379 422 2479 malignitatis
438 2399 585 2456 conatus
601 2399 639 2455 et
658 2384 842 2457 malivolos
860 2400 958 2456 astus
977 2380 1199 2481 deposueris,
1218 2394 1259 2453 et

187 2495 232 2568 de
252 2498 411 2568 amiciu'a
422 2499 577 2595 potentis
590 2502 798 2598 sceptrigeri
810 2498 1008 2599 expetenda
1025 2496 1252 2583 tractaveris,

188 2614 228 2684 in
242 2611 307 2683 boc
323 2638 379 2683 me
400 2614 454 2682 tui
465 2630 675 2711 promptum
691 2612 892 2711 aquaram
906 2638 992 2714 ergo
1009 2612 1113 2684 illum
1128 2608 1256 2683 laben

182 2744 331 2824 potera.

236 2845 399 2941 Cumque
422 2841 625 2915 Rodbertus
644 2842 783 2916 Heliam
803 2842 1034 2916 inflexibilem
1056 2840 1102 2913 ad
1125 2841 1256 2915 iocum

188 2982 293 3053 grues
309 2957 480 3031 factiones
493 2959 703 3049 invenisset,
723 2974 760 3031 et
776 2958 967 3031 consilium
981 2957 1059 3054 ejus
1076 2954 1254 3046 utilitatis,

188 3070 405 3173 legitimique
421 3099 545 3147 sensus
562 3073 712 3174 plenum
726 3074 1014 3172 comprobasset,
1035 3070 1155 3167 sagaci
1169 3090 1259 3142 om·

189 3186 320 3260 siliario
344 3189 559 3289 versipellis,
584 3191 686 3288 quasi
706 3215 749 3262 ex
771 3205 850 3261 toto
875 3190 1103 3275 immutatus,
1127 3183 1260 3283 gratim

189 3303 276 3399 egit,
302 3305 605 3403 concordiamque
625 3330 691 3404 per
712 3303 881 3376 eumdem
904 3330 926 3376 a
951 3327 1035 3400 rege
1056 3297 1255 3398 requisivit.

189 3418 233 3487 Et
252 3418 336 3514 quia
356 3419 450 3489 inter
470 3443 591 3516 regam
614 3434 649 3491 et
670 3419 842 3490 comitem
864 3418 1018 3489 maxima
1038 3412 1261 3486 familiarius

189 3547 284 3623 erat,
309 3533 465 3607 obtinuit
488 3541 765 3633 Argentomum,
791 3550 827 3606 et
847 3557 998 3632 quaeque
1022 3531 1069 3603 de
1090 3526 1258 3601 dominio

189 3647 377 3747 principali
390 3665 713 3750 praeoccupaverat,
728 3649 897 3723 reddidit.
915 3647 1056 3718 Falesia
1065 3640 1259 3714 verovioo·

190 3763 417 3856 comitatum,
437 3766 640 3863 etreliqua,
659 3790 740 3863 quae
755 3765 866 3864 patris
879 3764 955 3859 ejus
970 3760 1128 3846 fuerant,
1143 3757 1259 3855 impe·

190 3879 307 3951 travit.

240 4000 364 4067 XXlll.
382 3996 554 4069 Henricus
566 3997 743 4094 siquidem
760 4022 822 4070 rex
838 4019 965 4067 omnes
976 3989 1143 4063 inimicos
1158 4010 1258 4073 suos,

192 4114 389 4211 opitulante
401 4119 492 4203 Deo,
508 4113 781 4214 humiliavit,*ac
793 4111 992 4184 adulterina
1005 4103 1163 4194 castella,
1179 4124 1261 4200 quat
