2888 4934
187 409 300 488 [nar]
517 402 924 466 maannonncruus.
1186 406 1242 469 to

188 561 435 638 quoscumque
458 538 592 635 potuit,
619 537 666 610 ad
689 539 910 611 consortium
934 561 1006 608 suae
1027 539 1137 635 partis
1157 563 1245 610 oon-

188 656 306 746 traxit,
322 652 525 748 multosque
537 650 584 724 ad
597 653 681 746 hoc,
700 669 741 725 ut
756 678 795 725 se
810 652 933 724 levitas
948 652 1056 724 habet
1074 657 1247 725 Norman·

188 796 335 862 norum,
353 768 473 841 faciles
488 783 523 841 et
536 792 674 867 ¹pronos
688 771 836 842 invenit.

236 884 484 958 Gualerannus
504 885 642 982 itaque,
659 908 782 957 comes
796 883 967 976 Mellenti,
986 898 1021 955 et
1035 883 1246 956 Guillelmus
1312 929 1316 936 ·

142 1023 149 1035 ·
188 1000 236 1072 de
251 999 435 1092 Rolmara,
456 1002 560 1096 Hugo
577 998 623 1072 de
639 1000 868 1071 Monteliorti
884 1012 920 1072 et
937 1002 1041 1096 Hugo
1062 998 1107 1070 de
1125 1004 1247 1071 Novo·

189 1112 359 1206 Castello,
380 1112 590 1185 Guillelmus
610 1111 775 1211 Lupellus
798 1126 833 1184 et
853 1113 1034 1186 Baldricus
1055 1112 1100 1185 de
1122 1114 1243 1205 Braio,

190 1235 353 1327 Paganns
376 1229 422 1303 de
448 1229 598 1302 Gisortis
618 1228 691 1326 (l),
719 1242 755 1300 et
777 1227 897 1328 plures
921 1229 980 1301 alii
1004 1227 1248 1301 fraudulenter

190 1349 427 1437 mussitantes,
445 1346 537 1418 clam
549 1346 649 1444 prius
661 1345 834 1418 consiliati
845 1359 945 1438 sunt,
965 1345 1028 1418 sed
1041 1344 1151 1444 paulo
1166 1359 1249 1444 post

189 1463 228 1536 in
250 1462 474 1534 manifestam
494 1461 726 1533 rebellionem
746 1461 793 1533 ad
814 1460 1068 1534 detrimentum
1088 1464 1142 1533 sui
1161 1486 1249 1562 pro·

191 1590 375 1675 ruperunt.
401 1575 650 1649 Gualerannus
668 1601 791 1649 eomes
815 1578 996 1677 specimen
1022 1577 1176 1649 tirocinii
1194 1577 1248 1648 sui

192 1690 356 1763 ardenter
377 1705 553 1764 ostentare
577 1695 729 1789 optavit3
752 1692 814 1765 sed
834 1693 906 1764 hoc
928 1693 1005 1765 sine
1029 1691 1143 1763 dubio
1167 1692 1252 1763 insi·

194 1807 330 1904 pienter
339 1806 532 1898 inchoavit,
544 1808 632 1879 dum
639 1823 764 1880 contra
773 1809 975 1899 dominum,
988 1808 1251 1904 nutriciumque

193 1943 297 1991 suum
319 1921 518 2012 rebellavit,
544 1937 596 2013 et,
624 1925 853 1996 inimicorum
873 1925 950 2021 ejus
972 1923 1128 2021 adjutor,
1153 1946 1250 1996 arma

192 2036 347 2132 primum
364 2051 489 2109 contra
503 2037 603 2109 illum
617 2039 715 2111 lerali
730 2039 853 2112 dextra
865 2039 1006 2112 levavit.
1023 2043 1106 2111 Tres
1118 2039 1251 2138 quippe

192 2173 332 2223 sorores
355 2177 456 2246 suas,
478 2168 519 2224 ut
541 2154 608 2225 illae
629 2154 787 2250 legaliter
811 2154 1100 2247 consolarentur,
1122 2155 1252 2252 etipse

191 2265 424 2340 nihilominus
436 2269 474 2339 in
485 2293 612 2342 omnes
624 2270 785 2367 undique
798 2268 1016 2343 contribules
1029 2293 1115 2342 suos
1130 2293 1252 2341 corro-

190 2377 391 2475 boraretur,
408 2383 522 2456 tribus
537 2387 723 2484 pmcipuis
737 2386 885 2459 dederat
900 2386 1104 2486 oppidanis,
1122 2385 1252 2483 quibus

191 2491 356 2569 homines
375 2512 411 2569 et
430 2500 638 2601 municipia,
659 2501 849 2601 multaeque
868 2501 997 2574 divitiae
1019 2501 1251 2601 suppeditan-

192 2621 262 2679 tur.
287 2615 364 2683 Una
381 2614 513 2687 scilicet
532 2616 615 2689 data
636 2631 690 2689 est
712 2618 855 2712 Hugoni
878 2616 923 2687 de
943 2616 1194 2705 Monte-Forti,
1215 2628 1251 2683 et

191 2721 261 2796 alia
274 2729 416 2820 Hugoni
428 2727 764 2822 deNovoCastello,
779 2730 854 2801 filio
864 2729 1035 2820 Gervaeii,
1051 2730 1154 2799 tertia
1163 2751 1250 2798 vero

191 2838 384 2910 Guillelmo
406 2841 575 2938 Lupello,
604 2843 754 2915 Ascelini
779 2843 876 2937 lilio,
905 2845 968 2939 qui
994 2857 1077 2942 post
1098 2857 1251 2915 mortem

191 2953 364 3029 liodberti
380 2957 513 3046 Goelli,
532 2958 648 3030 fratris
667 2959 740 3052 sui,
759 2958 909 3057 adeptus
924 2974 977 3032 est
992 2983 1078 3031 eum
1094 2971 1171 3031 toto
1188 2981 1252 3057 pa·

191 3066 362 3141 trimonio
377 3095 495 3143 arcem
516 3072 561 3144 de
577 3073 722 3172 lbreio(
748 3073 775 3171 ).
891 3108 893 3110 ’

191 3331 262 3387 oelni
282 3352 337 3408 qne
354 3335 379 3390 la
395 3337 567 3393 Providence
587 3339 714 3394 semblait
730 3341 807 3395 avoir
823 3339 938 3414 designe
952 3358 1025 3414 pour
1041 3339 1175 3394 succe'der
1190 3342 1206 3394 t
1221 3357 1252 3394 ce

191 3420 296 3492 priucc.
310 3423 350 3478 Ce
363 3443 399 3480 ne
413 3425 456 3480 fut
468 3426 531 3501 qu’a
547 3444 602 3482 nne
620 3430 729 3502 epoque
742 3447 815 3485 asser
833 3431 949 3484 avanoee
963 3428 999 3484 de
1015 3431 1084 3487 ⁴⁴23
1102 3446 1157 3504 qne
1169 3429 1251 3492 leroi

164 3588 169 3596 ι
191 3517 220 3563 et
235 3508 262 3564 le
279 3511 354 3584 Pape
369 3517 531 3586 parviurent
548 3519 564 3570 t
580 3518 649 3572 faire
664 3535 780 3591 rompre
796 3519 904 3574 l'nnion
921 3519 1063 3592 projetee,
1083 3521 1202 3594 potsque
1220 3537 1252 3574 oe

191 3594 304 3653 dernier
314 3604 430 3672 pressait
443 3621 544 3659 encore
555 3604 721 3663 l’execntion
730 3606 766 3662 de
777 3606 803 3663 la
816 3618 945 3664 sentence
954 3607 1252 3664 d'exoommnnieation

190 3683 217 3741 le
228 3688 263 3742 26
276 3690 343 3744 aorit
356 3690 390 3746 de
401 3703 474 3748 cette
487 3694 578 3749 meme
589 3698 687 3751 annee.

227 3773 266 3846 (l)
284 3776 362 3832 Tous
373 3797 418 3834 ces
431 3798 618 3854 personnages
631 3801 701 3838 nous
716 3795 779 3839 sont
794 3785 855 3859 ddjl
868 3804 985 3843 conone.
1004 3786 1082 3842 Noua
1096 3802 1167 3840 nous
1183 3801 1251 3837 con-

189 3871 334 3919 tenteroos
345 3867 381 3923 de
392 3869 519 3942 rappeler
531 3887 586 3944 que
596 3869 759 3928 Guillanme
772 3874 875 3930 louvel
887 3876 956 3931 etait
968 3876 1099 3948 seigneur
1110 3872 1208 3936 d’lvri,
1223 3880 1251 3925 et

189 3949 307 4023 nugae,
322 3954 357 4009 de
368 3957 798 4018 chateauneuf-eu-Thimeraie.

190 4038 264 4179 ιη(Ξ)
282 4042 335 4096 Ces
352 4045 420 4099 trois
437 4045 531 4100 dames
548 4047 724 4121 s’appelaient
735 4050 867 4121 Adeline,
881 4053 991 4108 Amicie
1002 4069 1041 4106 ou
1052 4050 1130 4120 Alia,
1146 4060 1174 4105 et
1189 4053 1250 4105 Au·

227 4143 240 4178 r
258 4143 283 4180 e.
