2888 4934
102 416 315 496 [ner-rus]
428 411 545 474 unm
565 411 833 474 nnonrcmus.
1098 414 1158 477 479

101 550 292 646 ipsumque
322 570 387 618 cur
414 544 669 617 hereditarium
687 544 746 641 jus
776 542 992 642 negligenter
1019 561 1056 617 et
1083 548 1160 621 sine

101 662 282 735 calumnia
306 660 471 760 perderet
495 662 785 759 increpaverunt,
808 662 913 756 eique
934 685 1026 751 sese,
1053 661 1159 735 alios·

101 803 173 877 que
196 778 334 877 plures,
362 779 391 848 si
416 801 521 848 suum
541 779 600 873 jus
620 777 909 867 calumniaretur,
936 777 1160 850 auxiliatores

103 893 179 965 lore
205 892 491 993 spoponderunt.
523 890 762 964 Theodericus
790 894 910 990 itaque
935 893 1104 965 busensis
1126 907 1161 965 et

102 1008 313 1080 Lambertus
329 1006 567 1080 Ardennensis
584 1031 705 1079 comes
720 1008 776 1104 (l)
790 1007 992 1081 Flaudn'am
1008 1009 1161 1106 expetie-

102 1139 203 1218 rrmt,
225 1140 262 1197 et
282 1125 565 1223 opinatissimum
585 1138 742 1196 castrum
763 1124 864 1222 quod
880 1125 1000 1197 Insula
1014 1123 1158 1217 dicitur,

102 1254 138 1311 et
154 1245 300 1334 Fomas,
318 1254 425 1336 atque
439 1238 568 1312 Gauda
582 1238 651 1335 (2),
672 1238 811 1337 aliaque
826 1239 931 1339 plura
946 1240 1094 1313 Morinis
1110 1263 1163 1313 as·

104 1354 349 1447 sentientibus,
358 1368 581 1454 receperunt.
592 1353 1159 1446 Guillelmusautem,hisauditis,

102 1470 286 1570 Stephano
303 1470 508 1542 Boloniensi
523 1470 651 1542 trevias
662 1469 775 1560 dedit,
787 1484 824 1543 et
835 1485 961 1542 contra
976 1470 1162 1542 intestinos

102 1584 223 1657 hostes
243 1610 357 1684 usque
379 1585 425 1659 ad
450 1600 603 1658 mortem
625 1585 818 1659 dimicavit.
845 1590 954 1659 Erant
976 1587 1073 1658 enim
1095 1586 1163 1658 viri

103 1714 268 1798 potentes
296 1716 332 1774 et
357 1701 513 1792 nobiles,
546 1701 769 1798 audaciaque
793 1718 828 1773 et
850 1700 962 1773 multa
985 1701 1162 1799 probitate

99 1814 310 1906 laudabiles,
329 1815 458 1888 divitiis
473 1831 508 1888 et
526 1817 649 1889 amicis
664 1831 701 1889 et
718 1816 976 1889 munitionibus
990 1830 1027 1887 et
1043 1815 1163 1890 lavore

103 1929 357 2003 contribulium
374 1930 628 2004 formidabiles.

150 2049 271 2118 Mense
288 2046 397 2144 julio,
420 2047 494 2119 dux
512 2061 702 2144 aggregato
721 2047 877 2120 exercitu
892 2062 1048 2119 castrum
1067 2047 1163 2119 Alost

103 2158 262 2252 obsedit,
281 2175 417 2234 etcum
433 2161 658 2251 Godelredo,
676 2162 967 2234 lovennensium
982 2161 1075 2235 duce
1092 2160 1160 2259 (3),

101 2299 167 2373 per
184 2275 259 2348 dies
278 2277 415 2373 aliquot
434 2278 618 2350 coartavit.
642 2276 744 2350 blulti
765 2277 915 2350 adeum
935 2277 981 2351 de
1002 2278 1164 2349 Neustria
1255 2359 1259 2367 ,

102 2405 289 2462 venerunt.
307 2396 429 2490 Ipsum
446 2393 543 2465 enim
558 2395 678 2492 plures
693 2393 731 2465 in
748 2407 888 2467 tantum
900 2392 1107 2489 diligebant,
1128 2408 1165 2465 et

102 2506 187 2580 salsa
201 2532 264 2605 spe
281 2507 434 2608 decepti,
455 2523 592 2582 tantam
608 2511 646 2582 in
661 2535 706 2582 eo
723 2509 892 2583 fiduciam
908 2509 1105 2601 habebant,
1125 2522 1164 2579 ut

102 2623 218 2695 natale
239 2622 356 2696 solum
376 2649 460 2696 cum
480 2625 703 2698 naturalibus
721 2624 818 2695 heris
838 2647 881 2697 ac
900 2622 1109 2721 parentibus
1128 2634 1165 2694 et

102 2739 224 2811 amicis
243 2740 337 2811 ultro
355 2741 614 2837 relinquerent3
633 2739 782 2836 quidam
800 2764 905 2832 vero,
926 2740 1089 2839 perjuriis
1106 2739 1161 2812 vel

102 2851 306 2925 homicidiis
322 2853 464 2952 polluti,
482 2852 602 2927 exules
618 2853 668 2925 illi
684 2853 918 2926 adhaererent.

151 2968 362 3042 Guillelmus
371 2969 418 3042 de
427 2974 525 3068 lpro,
537 2969 708 3041 Rodberti
715 2970 937 3041 Morinorum
946 2967 1164 3041 marchionis

103 3079 195 3154 lilius
207 3082 220 3163 (
223 3082 277 3180 lv),
290 3084 328 3155 in
342 3084 466 3182 primis
474 3085 507 3158 ei
522 3083 674 3175 obstitit3
691 3083 754 3157 sed
766 3083 910 3156 fortuna
920 3084 1109 3182 prodente,
1126 3084 1162 3156 in

103 3340 253 3400 le·Frison.
270 3345 348 3401 Nous
359 3345 471 3400 n’avons
482 3363 530 3419 pas
542 3346 736 3401 connaissance
748 3363 803 3420 que
819 3362 851 3399 ce
867 3345 997 3419 seigneur
1013 3345 1053 3400 ait
1064 3343 1163 3417 jamnis
1235 3326 1239 3333 ⁴

102 3430 147 3484 ete
159 3441 250 3487 comte
263 3431 403 3501 d'Alsace‚
419 3433 487 3487 mais
500 3432 653 3488 seulement
663 3432 795 3506 seigneur
805 3431 841 3486 de
854 3431 962 3490 Bitche.

137 3519 177 3591 (l)
197 3522 335 3590 lambert,
349 3532 441 3578 comte
453 3521 488 3578 de
501 3522 648 3579 Clermont
659 3523 723 3596 pres
737 3522 831 3595 Liege,
847 3521 889 3576 lils
899 3521 935 3579 de
950 3523 1059 3592 Cenem
1072 3533 1163 3579 comte

102 3606 137 3661 de
149 3608 303 3682 Montaign,
314 3627 403 3666 neven
415 3610 450 3666 de
458 3609 595 3667 Godesroi
605 3610 639 3666 de
651 3610 792 3667 bouillon.
804 3611 899 3683 Voyez
911 3610 1058 3681 ci-dessus,
1071 3622 1094 3668 t.
1107 3611 1162 3680 lll,

102 3713 131 3766 p.
146 3699 199 3752 555
209 3706 239 3751 et
250 3699 312 3753 505,

138 3786 177 3853 (2)
195 3783 274 3840 Lille.
286 3814 322 3827 -
333 3784 449 3841 Furnes.
459 3816 495 3829 -
505 3784 600 3842 Gand.

137 3873 177 3942 (3)
195 3872 332 3928 Godelroi
346 3874 413 3942 Vll,
426 3873 470 3929 dit
480 3873 507 3930 le
519 3873 621 3944 Barbu,
634 3873 690 3930 duc
700 3872 736 3929 de
746 3874 872 3947 lothier‚
887 3885 979 3931 comte
991 3872 1027 3928 de
1039 3871 1161 3935 Brabaut

102 3973 131 4016 ct
143 3962 178 4016 de
193 3963 324 4017 leuvain.

139 4052 176 4122 (l)
193 4049 370 4119 Guillaume‚
388 4053 507 4108 ricomte
530 4053 639 4127 d’Ipre,
657 4052 699 4108 fils
717 3995 826 4110 naimrel
844 4053 880 4108 de
895 4051 1041 4124 Philippe,
1058 4050 1159 4107 second

104 4138 144 4192 fils
156 4138 191 4191 de
205 4137 484 4210 Robert-lc·Frison,
498 4159 606 4197 comme
618 4159 689 4198 nous
702 4141 803 4198 l’avons
816 4139 878 4213 deja
890 4140 942 4194 dit.
