2888 4934
203 452 315 530 [1107]
539 447 655 510 LlBEll
677 447 917 508 UllDllClllUS.
1196 449 1257 511 269

246 584 355 651 XXX.
384 583 487 651 Anno
505 577 551 650 ab
568 579 813 652 lucarnatione
831 578 976 650 Domini
992 587 1035 649 Μ’
1051 587 1084 650 c⁰
1100 587 1176 670 vu',
1198 582 1255 652 in·

194 701 359 774 dictione
376 706 449 789 xv‘,
469 700 640 772 Henricus
656 724 717 772 rex
732 699 937 796 Anglorum,
956 713 1145 797 postquam
1159 697 1256 771 bello

189 817 457 891 Normanniam
466 814 617 912 subegit,
628 840 719 914 saepe
730 815 776 887 ad
785 815 920 886 curiam
928 839 1028 885 suam
1035 815 1258 909 magistratus

186 931 328 1031 populi
349 931 527 1019 accersiit,
553 955 703 1028 eosque,
727 932 811 1028 quia
829 929 966 1027 jamdiu
992 928 1201 1001 tumultibus
1224 944 1259 1001 et

189 1047 340 1143 guerris
353 1046 482 1118 assueti
496 1046 645 1137 fuerant,
663 1045 856 1143 prudenter
870 1045 1053 1141 mitigavit,
1069 1059 1104 1115 et
1118 1068 1256 1133 omnes,

191 1175 242 1232 ut
256 1175 354 1233 recte
370 1160 615 1259 graderentur,
634 1159 810 1258 precibus,
829 1161 1005 1257 minisque
1021 1159 1258 1230 commonuit.

250 1278 375 1347 Mense
398 1275 581 1371 januario,
608 1272 747 1346 Falesiae
775 1275 954 1346 consessio
982 1297 1173 1371 procerum
1198 1295 1261 1342 co-

186 1413 283 1462 ram
300 1413 382 1486 rege
400 1389 482 1478 luit,
502 1387 623 1485 ibique
644 1387 859 1472 Rodbertus,
879 1388 1110 1461 Cadomensis
1131 1385 1259 1474 abbas,

187 1502 320 1575 subita
341 1503 547 1602 aegritudine
569 1527 773 1602 percussus,
798 1502 981 1576 hominem
1011 1505 1134 1592 exivit,
1162 1504 1262 1599 cujus

191 1619 299 1689 vices
316 1617 432 1706 Eudo,
451 1617 611 1715 ejusdem
628 1619 833 1690 monasterii
851 1617 1062 1708 monachus,
1079 1642 1143 1716 per
1159 1616 1262 1714 plura

194 1732 436 1832 postmodum
455 1732 561 1803 lustra
580 1732 786 1831 supplevit(
813 1733 839 1829 ).

247 1851 373 1931 ‚Mense
392 1849 538 1936 martio,
559 1849 644 1920 item
661 1873 723 1920 rex
738 1849 930 1920 concilium
953 1849 1048 1948 apud
1065 1847 1262 1919 Luxovium

196 1962 334 2049 tenuit,
358 1975 393 2032 et
411 1963 607 2050 necessaria
623 1962 789 2059 subjectis
803 1963 966 2062 plebibus
983 1963 1097 2035 edicta
1115 1987 1159 2035 es
1175 1986 1264 2034 con·

197 2075 299 2148 sultu
316 2090 562 2172 magnatorum
576 2075 725 2173 provide
742 2078 874 2167 sanxit,
893 2093 928 2150 et
945 2079 1050 2175 regali
1070 2091 1260 2176 potestate,

202 2191 336 2265 sedatis
346 2190 523 2264 bellorum
535 2193 816 2290 tempestatibus,
828 2195 1027 2266 Neustriam
1039 2192 1171 2264 utiliter
1182 2191 1265 2264 edo·

208 2305 297 2377 muit
307 2304 373 2402 (2).
388 2306 474 2377 lude
487 2330 661 2397 remeans,
678 2307 886 2380 Guillelmus
899 2308 945 2380 de
957 2312 1041 2398 Ros,
1055 2308 1265 2378 Fiscannen·

208 2422 253 2492 sis
259 2422 383 2494 tertius
389 2419 840 2518 abbas,oegrotavit,etante
851 2422 960 2494 linem
967 2422 1127 2518 ejusdem
1135 2420 1264 2492 mensis

210 2535 355 2608 feliciter
363 2536 525 2632 migravit
532 2534 600 2632 (3)
615 2536 681 2608 Hic
689 2536 899 2608 venerabilis
910 2538 976 2626 vir,
989 2535 1097 2608 bonis
1103 2535 1265 2636 moribus

210 2649 361 2749 pollens,
379 2649 600 2722 laudabiliter
619 2651 718 2740 vixit,
737 2666 772 2723 et
789 2651 980 2722 multarum
997 2665 1140 2722 nectare
1157 2650 1266 2720 virtu·

211 2778 286 2836 tum
299 2763 457 2837 imbutus
470 2788 490 2835 a
504 2764 653 2863 pueritia
666 2766 789 2861 viguit,
806 2781 840 2836 et
852 2767 889 2836 in
904 2765 1070 2837 clericatu
1086 2788 1127 2835 ac
1141 2787 1266 2835 mona·

213 2876 317 2951 chatu
329 2879 513 2978 speculum
526 2878 707 2949 bonorum
719 2903 869 2977 operum
883 2880 1021 2952 mundo
1032 2877 1262 2977 resplenduit.

245 3197 284 3267 (l)
297 3195 375 3251 Nous
383 3207 513 3252 rentrous
521 3195 596 3250 enfin
607 3214 642 3250 en
652 3194 801 3269 Occiderit,
812 3208 840 3253 et
850 3197 916 3252 c¹est
926 3213 994 3251 avec
1004 3215 1059 3250 unc
1068 3197 1126 3268 joie
1136 3197 1183 3271 qui
1196 3215 1265 3263 sera,

213 3301 282 3339 nous
294 3283 458 3356 l’esperons,
475 3286 604 3357 partagee
616 3304 667 3357 par
679 3303 728 3341 nos
741 3285 870 3341 lecteurs.

247 3370 355 3426 Robert
369 3370 412 3439 1«,
423 3370 493 3425 abbe
504 3369 539 3425 de
550 3372 763 3427 Saint-Etienne
777 3372 812 3427 de
826 3373 917 3440 Caen,
929 3373 1000 3428 n’est
1011 3390 1104 3428 connu
1115 3391 1169 3445 que
1181 3391 1231 3444 par
1243 3371 1269 3426 le

214 3477 266 3532 peu
276 3459 313 3514 de
324 3469 397 3513 mots
409 3478 464 3533 que
474 3459 514 3513 lui
527 3476 656 3514 consacre
668 3461 702 3514 ici
716 3471 796 3516 notre
807 3471 916 3518 auteur.
930 3461 987 3517 Son
998 3478 1165 3528 successeur,
1179 3460 1267 3527 Ende,

215 3547 372 3604 administra
381 3564 417 3601 eu
426 3545 490 3602 effet
498 3547 620 3619 l’abbaye
630 3548 753 3619 pendant
762 3567 800 3604 nn
809 3566 882 3604 assez
892 3548 979 3623 grand
989 3548 1105 3604 nombre
1113 3546 1149 3604 de
1158 3549 1269 3621 lusura,

215 3636 374 3709 pnisqnece
386 3634 565 3708 futjnsqu’en
576 3637 656 3692 4440.

246 3726 288 3794 (2)
305 3721 330 3778 Il
348 3741 384 3777 ne
399 3722 458 3777 faut
474 3741 521 3795 pas
534 3722 687 3778 confondre
702 3733 774 3779 cette
790 3724 940 3780 assemblee
952 3724 987 3779 de
1000 3725 1108 3780 Lisiens
1121 3744 1185 3780 avec
1201 3724 1270 3780 celle

218 3809 284 3865 dont
297 3820 378 3866 notre
391 3821 491 3866 auteur
504 3811 580 3865 vient
594 3809 630 3866 de
643 3811 744 3884 parler,
759 3831 787 3884 p.
801 3815 870 3880 23³,
883 3824 912 3867 et
924 3813 973 3887 qni
987 3830 1023 3866 en
1038 3813 1082 3869 lut
1096 3815 1207 3886 separes
1220 3829 1270 3887 per

221 3914 253 3953 uu
270 3897 414 3954 intervalla
430 3898 465 3953 de
482 3901 546 3973 cinq
565 3899 644 3953 mois.
663 3900 712 3954 Les
731 3911 804 3954 actes
818 3899 853 3956 de
870 3901 897 3954 la
910 3900 1027 3957 seconde
1044 3901 1122 3955 n’ont
1140 3918 1189 3974 pas
1208 3899 1270 3972 plns

221 3987 347 4055 subsiste,
360 4006 416 4061 qus
428 4005 498 4042 ceux
509 3988 544 4042 de
556 3990 582 4043 la
594 3989 741 4060 premiere.
864 4013 867 4016 ⁴

251 4075 291 4144 (3)
310 4075 347 4130 Le
358 4078 393 4133 at
408 4093 480 4130 mars
496 4078 574 4143 1407,
589 4086 617 4130 et
631 4095 685 4131 nou
700 4095 747 4149 pas
760 4081 840 4146 llos,
856 4096 964 4133 comme
976 4078 1003 4132 le
1015 4078 1107 4133 disent
1119 4077 1158 4132 les
1168 4074 1269 4131 redac-

225 4167 296 4215 tenrs
308 4161 348 4217 du
364 4164 458 4218 Gallia
470 4163 631 4220 christiana.
970 4188 972 4194 ⁸
