2888 4934
201 409 308 490 [tono]
537 407 653 468 LIBER
675 405 914 467 UNDECIMUS.
1194 407 1255 465 219

202 540 360 630 ditatem,
373 562 482 638 quam
492 540 623 639 perjuri
635 554 670 611 et
682 554 841 638 raptores
850 562 892 609 ac
904 535 1101 609 nebulones
1112 536 1256 608 concul-

201 655 350 745 cabant,
380 654 569 728 vendicare
598 655 734 752 sategit.
761 653 896 726 Heliam
923 656 1257 725 Cenomannensem

200 797 283 844 cum
307 770 443 843 viribus
463 772 534 842 suis
551 770 738 859 conduxit,
762 769 958 866 urbemque
977 768 1254 856 Baiocassinam,

197 909 311 984 quam
343 884 546 958 Gunherius
579 886 624 959 de
658 885 781 958 lllneio
816 882 1068 973 conservabat,
1103 881 1255 954 obsedit.

194 1000 406 1073 Gunberius
433 1025 519 1073 vero
542 1000 589 1072 ad
616 1025 735 1098 regem
757 1001 880 1090 exivit,
907 1000 1011 1096 eique
1038 995 1258 1069 Rodbertum

191 1117 387 1189 Haimonis
409 1115 540 1205 filium,
560 1119 622 1214 qui
646 1131 770 1215 captus
797 1116 882 1187 olim
906 1116 952 1187 ab
976 1113 1105 1187 eodem
1127 1113 1257 1202 suerat,

186 1256 269 1330 pro
280 1232 390 1328 gratia
404 1231 481 1326 ejus
497 1230 649 1303 liberum
663 1230 830 1321 reddidit,
851 1231 914 1303 sed
930 1229 1056 1303 urbem
1072 1228 1262 1325 imperiose

185 1346 364 1444 poscenti
376 1346 525 1419 reddere
534 1347 760 1444 contempsit.
777 1349 940 1419 Protinus
952 1347 1058 1442 igitur
1068 1370 1128 1417 rex
1136 1342 1262 1417 urbem

188 1463 430 1559 expugnavit,
451 1476 486 1534 et
501 1462 631 1557 injecto
647 1462 728 1558 igne
744 1463 884 1561 penitus
900 1460 1108 1550 combussit,
1127 1474 1163 1532 et
1175 1484 1264 1557 prae-

187 1574 317 1647 fatum
333 1577 548 1675 municipem
565 1600 647 1648 cum
663 1574 883 1673 pedissequis
899 1599 940 1649 ac
958 1571 1263 1649 commilitonibus

189 1689 277 1763 suis
294 1691 421 1788 cepit(
447 1691 472 1786 ).

251 1805 384 1880 Audita
406 1808 524 1905 itaque
549 1821 655 1880 tantae
679 1808 827 1881 civitatis
850 1809 1109 1897 destructione,
1135 1807 1264 1904 reliqui

192 1922 407 2020 municipes
443 1921 547 1994 valde
588 1937 906 2011 contremuerunt,
943 1938 979 1995 et
1011 1938 1265 2023 properantem

195 2059 290 2109 cum
320 2049 417 2107 tauta
449 2035 687 2109 obstinatione
720 2061 841 2134 regem
873 2053 1038 2135 proterve
1071 2035 1265 2135 praestolari

198 2149 416 2222 timuerunt.
446 2149 683 2224 Cadomeuses
712 2176 815 2248 ergo,
839 2166 1024 2250 comperta
1044 2150 1144 2223 clade
1163 2149 1265 2222 Baio·

199 2263 389 2351 censium,
416 2279 613 2336 metuentes
638 2265 752 2337 simile
770 2267 905 2364 perpeti
926 2264 1120 2355 excidium,
1145 2264 1191 2336 ad
1210 2289 1266 2337 re·

204 2400 308 2476 gem,
328 2379 391 2475 qui
406 2379 482 2474 jam
500 2378 546 2450 ad
562 2379 641 2450 illos
655 2405 738 2451 cum
757 2405 886 2479 magna
904 2381 1040 2453 feritate
1058 2378 1265 2468 festinabat,

206 2492 394 2583 miserunt,
414 2508 449 2565 et
465 2517 590 2593 pacem
608 2520 690 2567 cum
708 2495 769 2567 illo
787 2497 833 2570 ad
852 2496 1071 2570 voluntatem
1089 2497 1164 2594 ejus
1182 2496 1269 2568 lece

208 2623 295 2681 runt
310 2607 380 2706 (2)
397 2612 480 2680 Mox
496 2611 592 2681 enim
608 2615 881 2708 Engerrannum
899 2613 1128 2710 municipem,
1149 2610 1269 2683 llberti

212 2720 324 2795 lilium
337 2722 411 2820 (3),
433 2748 516 2795 cum
535 2724 607 2796 suis
628 2725 858 2824 expulerunt,
882 2741 917 2798 et
937 2726 1173 2797 munitionem
1195 2725 1270 2821 regi

212 2835 457 2911 reddiderunt.
499 2840 571 2911 llex
605 2854 725 2912 autem
762 2855 916 2938 quatuor
949 2839 1167 2940 primoribus
1201 2842 1268 2910 Ca·

250 3158 291 3233 (4)
308 3158 363 3216 Cet
374 3159 536 3215 evenerum
549 3168 598 3214 eut
610 3158 666 3215 lieu
677 3168 759 3215 avaut
768 3159 795 3215 le
808 3159 879 3214 mois
894 3157 989 3213 d’aoitt
1000 3160 1081 3215 4404.
1094 3156 1198 3230 Voyez,
1211 3159 1226 3211 4
1239 3173 1270 3211 ce

216 3245 296 3318 tujet,
311 3246 420 3301 Versus
429 3247 553 3302 Serloais
562 3246 599 3301 de
610 3258 694 3320 capta
701 3248 898 3304 Baiocensium
909 3249 1029 3318 civitate,
1039 3245 1108 3301 daus
1116 3244 1232 3301 Notices
1243 3253 1270 3298 et

216 3331 349 3389 Eximio
355 3332 868 3392 desMss.de1aBibliotla.Natrim.1.a
875 3332 1271 3409 garuiwuabandonnaliche-

217 3432 292 3478 ment
309 3420 348 3478 let
363 3432 498 3494 remparts
514 3441 587 3497 pour
604 3441 633 3478 se
648 3424 772 3497 refugier
789 3423 858 3479 dans
869 3424 894 3479 la
908 3422 1076 3479 cathedrale.
1092 3423 1166 3480 C'est
1179 3440 1210 3478 ce
1221 3420 1271 3496 qui

217 3524 313 3565 amena
326 3509 353 3564 la
364 3508 537 3566 destructlou
550 3510 585 3567 de
597 3529 628 3567 ce
641 3511 811 3587 magnifrque
824 3521 999 3569 monument.

250 3597 289 3668 (4)
306 3597 344 3653 le
356 3595 411 3652 duc
424 3597 530 3654 Robert
539 3599 606 3655 etait
617 3602 633 3654 4
644 3600 720 3656 (laen
733 3599 856 3672 pendant
867 3617 913 3655 ces
923 3597 1134 3665 machinatione,
1147 3597 1196 3671 qui
1208 3607 1272 3652 sont

217 3687 356 3741 racontdes
368 3703 434 3740 avec
444 3684 589 3761 beauooup
602 3687 664 3761 plus
678 3687 713 3744 de
727 3688 825 3744 details
837 3708 888 3763 par
898 3689 1002 3754 Waoe;
1016 3686 1036 3742 il
1048 3688 1091 3743 lut
1104 3684 1197 3758 oblige
1208 3684 1271 3738 d'en

219 3773 299 3828 tortir
310 3773 568 3848 precipitamrnent,
582 3793 644 3832 saus
656 3778 773 3851 pouvoir
783 3776 932 3852 empdcber
944 3777 973 3832 ni
987 3776 1123 3850 reprimer
1134 3774 1160 3830 le
1172 3772 1272 3846 pillage

221 3856 254 3915 de
263 3877 306 3916 tes
316 3860 445 3934 bagages.

254 3947 292 4020 (4)
309 3949 362 4004 Cet
376 3948 560 4022 Euguerrand
576 3951 665 4024 parait
678 3953 754 4008 avoir
765 3955 809 4009 ete'
823 3953 864 4010 fils
879 3954 996 4011 d'llbert
1011 3953 1046 4009 de
1062 3952 1134 4008 laci.
1148 3950 1194 4006 On
1207 3967 1223 4002 a
1236 3965 1270 4001 vu

223 4036 352 4094 eidem
364 4038 491 4094 combieu
502 4050 574 4095 cette
586 4041 689 4097 samille
701 4043 769 4099 etait
781 4042 902 4100 de‘vouee
913 4063 948 4099 au
962 4044 1027 4110 duc,
1042 4053 1070 4097 et
1081 4038 1173 4116 quelle
1186 4038 1272 4091 haute

225 4138 283 4198 part
294 4127 347 4184 elle
359 4129 430 4185 avait
441 4131 455 4184 'a
469 4146 497 4184 aa
509 4129 658 4189 confiauce.
