3130 5058
152 501 262 580 [toas]
498 495 615 556 LIBER
636 493 879 558 UNDECIMUS.
1156 497 1218 556 205

154 635 325 706 Omnium
356 627 465 703 corda
489 627 656 724 ficiclr'um
686 632 811 699 merito
838 626 956 727 lugere
983 625 1124 715 dehent,
1160 631 1224 726 qui

151 761 286 819 sancta
317 746 443 816 matris
478 744 643 816 Ecclesiae
674 741 988 835 conculcationem,
1026 757 1224 840 moestaque

115 935 130 954 ‚
149 861 267 962 plebis
291 857 520 960 desectionem
549 859 675 932 vident.
702 864 792 930 Ecce
812 859 899 931 satis
918 875 1070 956 apparet
1094 863 1132 929 in
1156 859 1224 932 tac

120 971 129 990 '
154 977 260 1050 domo
268 975 365 1076 quod
370 973 617 1048 miserabiliter
623 974 857 1073 depopulatur
870 975 1097 1045 Constantini
1108 975 1222 1073 regno!

157 1099 280 1166 Immo
294 1109 367 1164 tota
384 1093 627 1178 Normannia,
645 1089 813 1188 profmis
831 1085 968 1160 subdita
978 1088 1219 1187 pradonibus,

157 1223 296 1280 rectore
319 1223 420 1279 caret
437 1207 572 1279 idoneo.
599 1212 735 1278 Domus
756 1207 928 1277 orationis
950 1205 1037 1277 olim
1058 1204 1153 1276 dicta
1173 1221 1228 1276 cst

157 1319 306 1393 basilus
324 1323 408 1406 Dei,
432 1317 544 1420 quam'
559 1345 652 1392 nunc
667 1322 815 1418 potestis
831 1344 974 1392 eernere
994 1321 1143 1416 turpiter
1158 1322 1224 1390 im·

151 1435 293 1534 pletum
312 1433 496 1506 immunda
512 1433 724 1530 supellectili
725 1463 740 1521 ;
758 1450 796 1505 et
811 1432 901 1504 edes
907 1489 919 1521 ‚
944 1436 983 1504 in
1001 1459 1073 1531 qua
1093 1433 1151 1504 sol
1209 1473 1226 1488 ·

159 1549 266 1622 modo
287 1549 406 1620 divina
427 1565 652 1620 sacramento
673 1548 799 1620 debent
814 1551 958 1648 peragi,
981 1574 1054 1646 pro
1070 1553 1227 1646 penuria

153 1665 253 1765 justi
261 1663 468 1759 defemoris,
475 1663 582 1760 facta
591 1679 644 1736 est
651 1664 819 1762 apotheca
824 1663 961 1762 populi.
980 1667 1229 1736 Convenientes

164 1795 346 1877 nequeunt
367 1795 451 1850 ante
475 1803 581 1850 aram
604 1803 721 1878 genua
747 1795 945 1851 reverenter
963 1781 1130 1871 flectere,
1166 1805 1230 1851 nec

162 1893 414 1966 delectabiliter
434 1911 472 1966 ct
486 1893 616 1979 deuote,
637 1910 679 1965 ut
691 1892 798 1983 decet,
819 1911 902 1966 ante
921 1893 1076 1966 dr'vinam
1097 1894 1228 1993 majes-

163 2025 273 2081 tatem
293 2023 427 2097 asuzre,
445 2034 518 2106 pro
538 2007 755 2080 multimodis
770 2007 962 2105 speciebus,
988 2035 1076 2107 quas
1096 2012 1232 2080 inerme

164 2121 287 2221 vulgus
304 2123 372 2194 leuc
391 2125 429 2195 in
446 2123 589 2196 domum
607 2124 755 2194 Domini
772 2123 936 2211 contulit,
954 2149 1024 2220 pro
1042 2122 1230 2195 scelerato-

163 2261 247 2307 rum
266 2238 403 2308 timore.
425 2237 634 2309 Presidium
650 2239 768 2336 itaque
787 2235 991 2336 vulgisacta
1003 2239 1228 2326 estecclesia,

163 2353 325 2450 quamvis
342 2355 460 2424 necin
477 2355 555 2450 ipsa
568 2353 617 2422 sit
629 2353 665 2423 ei
676 2354 846 2423 securitas
857 2352 1030 2450 perfecta.
1049 2359 1125 2424 Hoc
1137 2356 1233 2424 enim

163 2469 320 2554 inanno,
336 2466 983 2540 RadbertasdeBelismoecclestamde
995 2470 1176 2566 Tornuco(
1202 2469 1230 2565 ),

165 2585 206 2652 in
222 2605 302 2653 noea
317 2581 448 2654 scilicet
462 2581 617 2668 dr'cecesi,
637 2587 885 2674 concremavit,
911 2601 947 2656 ct
965 2587 1004 2656 in
1023 2585 1146 2657 cadem
1164 2609 1233 2655 xcv

159 2700 361 2795 promiscui
370 2723 476 2770 secas
488 2699 646 2771 honu'nes
658 2701 825 2770 entincit.
846 2705 931 2771 Haec
941 2725 1084 2798 gemetu
1097 2702 1135 2770 in
1148 2723 1234 2770 con·

143 2911 146 2916 ¹
164 2829 288 2911 spectu
302 2815 374 2884 Dei
386 2813 513 2885 recolo.
534 2819 618 2884 Heca
633 2816 752 2902 niem,
773 2813 914 2886 domine
929 2841 1007 2902 rec,
1027 2813 1103 2885 ideo
1120 2815 1158 2884 in
1173 2839 1235 2886 uco-

167 2931 267 3002 ribus
286 2933 354 3002 tuis
368 2913 511 3018 enarro:
533 2947 571 3002 at
586 2935 728 3004 anc'rnus
740 2947 820 3004 tuus
836 2932 910 3004 zelo
925 2933 995 3002 Dei
1008 2927 1230 3019 accendatur,

166 3045 361 3118 ctPhinees
371 3045 539 3144 (Datque
546 3047 834 3145 Mathatc'am(3),
846 3047 990 3146 ejusque
989 3045 1093 3140 filios
1102 3046 1239 3118 incitari

168 3177 327 3234 conetur.
347 3160 458 3232 Hated
469 3164 586 3261 segnis
602 3165 640 3232 in
661 3164 802 3233 nominc
820 3163 970 3232 Domini
983 3185 1149 3260 exsurge,
1163 3187 1236 3258 pa·

169 3293 312 3348 ternam
331 3275 559 3349 hereditatem
574 3277 725 3374 justitia
740 3276 860 3376 gladio
880 3275 942 3348 tibi
963 3279 1182 3362 nanciscere,
1203 3293 1240 3349 et

168 3391 216 3462 de
234 3417 345 3463 mana
363 3395 599 3489 pessimorum
619 3396 749 3464 auitam
763 3395 1035 3490 possessionem,
1048 3392 1238 3491 populum·

170 3533 242 3606 quc
265 3512 336 3580 Dei
357 3533 453 3580 eruc.
478 3514 608 3580 Frater
634 3513 763 3607 quippe
785 3526 865 3580 tuus
883 3512 1146 3582 Normonniarn
1166 3523 1251 3580 non

165 3623 338 3722 possidet,
359 3649 423 3694 nec
439 3640 478 3695 at
492 3621 566 3694 dica
577 3626 805 3721 princt'patur
815 3622 949 3721 populo
961 3649 1036 3710 suo,
1056 3649 1159 3722 quem
1171 3647 1240 3720 per·

172 3739 395 3812 rectiucdinrs
411 3739 538 3811 callem
554 3739 680 3812 ducere
694 3738 850 3826 deberet,·
870 3740 935 3811 sed
948 3742 1094 3840 segnitie
1110 3755 1234 3838 torpet,

212 4057 252 4125 (t)
270 4055 559 4120 Tournai-sur-Dive,
575 4065 676 4112 canton
689 4058 723 4112 dc
738 4058 827 4112 Trun.

213 4146 254 4213 (2)
273 4143 350 4198 Num
363 4185 372 4210 ,
387 4143 482 4210 XXV,
496 4145 523 4210 7,
538 4149 565 4201 8.

213 4231 254 4300 (3)
273 4231 285 4284 1
299 4231 446 4298 Machab„
459 4231 502 4302 ΙΙ,
517 4234 560 4288 tt.
