2888 4934
170 423 296 500 titre]
517 417 634 480 ttnEtt
655 417 925 481 DUODEClldUS.
1188 423 1249 485 333

170 551 421 627 alencionem
448 551 562 641 venit,
589 576 673 625 curn
701 552 773 624 suis
798 565 905 623 nocte
931 551 1091 643 intravit,
1116 577 1250 652 eosque

170 669 250 769 qui
276 669 315 740 iu
338 667 428 739 torri
452 680 554 739 erant
577 667 705 741 acriter
730 667 937 765 aggrediens
963 665 1115 740 obsedit.
1142 672 1249 758 Quod

170 787 301 876 fnmn,
324 808 395 883 qua
412 782 463 856 nil
480 785 518 856 iu
538 799 631 858 terra
648 784 805 857 velocius
823 797 1004 875 movetur,
1025 783 1144 882 longe,
1165 784 1251 860 late·

170 926 261 1004 que
283 900 490 999 divulgavit,
510 916 545 974 et
565 903 730 1000 protinus
749 901 797 974 nd
816 925 919 974 aures
941 900 1081 974 solliciti
1098 905 1190 999 regis
1205 904 1251 976 de

172 1017 292 1117 regni
307 1017 402 1089 curis
419 1015 592 1115 pervenit.

170 1122 174 1135 ’
234 1134 487 1232 ttagnaumus
504 1157 577 1224 rex,
601 1148 641 1206 ut
661 1147 779 1206 certos
797 1156 959 1205 rumores
975 1134 1136 1230 agnovit,
1161 1138 1252 1207 Nor·

178 1273 346 1324 mannos
362 1262 398 1321 et
414 1247 559 1346 Anglos,
578 1247 738 1346 aliosque
751 1247 883 1320 multos
899 1247 1006 1345 regali
1019 1248 1099 1345 jure
1115 1250 1250 1340 ascivit,

179 1362 414 1443 rodoaldum
435 1365 556 1453 etiem,
580 1365 854 1436 Curnotensium
877 1364 1059 1453 comitem,
1078 1388 1162 1437 cum
1183 1366 1255 1436 suis

184 1476 239 1553 nd
261 1476 432 1552 nutilium
457 1478 683 1550 convocavit.
710 1477 887 1575 Denique,
911 1501 1034 1550 mense
1056 1476 1251 1568 decembri,

185 1619 309 1697 prope
332 1593 562 1665 Alenciouem
584 1594 765 1665 innumeri
787 1606 1051 1682 convenerunt,
1075 1594 1138 1690 qui
1156 1616 1255 1664 sum·

187 1735 343 1812 mopere
354 1709 499 1783 inclusis
512 1709 695 1806 suffragari
708 1709 827 1781 conati
840 1723 936 1780 sunt.
950 1708 1110 1780 Praeclari
1122 1707 1257 1806 quippe

189 1827 320 1901 naues
335 1854 343 1898 :
356 1825 558 1899 Tedbaldus
573 1840 609 1897 et
621 1824 835 1923 Stephanus,
852 1849 974 1923 regem
986 1838 1255 1923 praecesseruut,

191 1940 419 2040 militumque
435 1943 471 2013 vi
488 1942 724 2040 pugnantium
742 1941 779 2011 iu
798 1941 926 2012 turrim
943 1941 1074 2014 inferre
1092 1939 1258 2014 victualia

191 2056 401 2146 voluerunt,
419 2056 483 2129 sed
499 2079 574 2128 non
590 2055 865 2156 prevaluerunt.
883 2061 1014 2129 Comes
1032 2057 1129 2129 enim
1142 2054 1260 2128 Audo-

193 2194 370 2273 gavorurn
385 2187 510 2244 contra
527 2195 590 2243 eos
601 2172 720 2258 exivit,
736 2172 828 2243 scies
841 2171 1028 2271 disposuit,
1046 2186 1083 2243 et
1095 2196 1180 2244 cum
1192 2170 1261 2243 illis

193 2286 313 2362 valide
326 2287 476 2387 praeliari
489 2289 608 2387 coepit.
626 2288 679 2359 lbi
693 2302 779 2360 tuuc
791 2288 968 2386 quosdam
982 2288 1126 2378 occidit,
1140 2288 1261 2389 plures

194 2417 322 2503 captos
343 2403 553 2493 vinculavit,
575 2402 723 2501 aliisque
744 2403 884 2502 sugatis,
902 2403 1001 2476 laetus
1017 2404 1062 2477 nd
1086 2403 1260 2503 oppidum

195 2541 282 2592 cnm
302 2518 424 2618 spoliis
443 2517 564 2591 multis
585 2520 755 2592 remeavit
770 2519 836 2617 (l).
858 2520 997 2592 Deinde
1016 2521 1174 2592 securius
1195 2519 1261 2591 ob·

196 2657 314 2709 susos
332 2635 527 2727 infestavit,
553 2635 675 2732 eisque
698 2660 831 2732 aquam
851 2661 916 2735 per
935 2635 1165 2708 subterranea
1184 2659 1260 2707 ma·

196 2749 427 2825 chhumenta
451 2751 600 2824 occultis
623 2751 879 2824 abscisionibus
902 2751 1058 2824 abstulit.
1085 2750 1263 2849 ludigenae

198 2865 377 2966 n‘quidem
395 2881 554 2939 meatum
574 2881 750 2939 noverant
776 2892 840 2966 per
863 2891 973 2964 quem
1000 2882 1263 2940 constructores

199 2983 290 3055 arcis
306 3006 406 3080 nquae
427 2982 576 3055 ductum
595 2982 641 3054 de
656 2985 757 3055 Serta
780 2982 865 3054 illuc
884 2983 1088 3056 effecerant.
1107 2982 1161 3055 llli
1177 3008 1262 3055 vero

200 3097 264 3197 qui
278 3096 538 3171 claudebantur
551 3099 587 3168 in
604 3122 699 3189 arce,
716 3098 877 3171 videntes
894 3097 960 3170 sibi
977 3097 1109 3171 cibaria
1125 3099 1261 3188 deesse,

200 3208 413 3310 nullumque
426 3212 597 3285 auxilium
612 3213 788 3311 exaliqua
803 3228 904 3313 parte
920 3213 1123 3313 provenire,
1139 3238 1265 3313 pacem

234 3532 277 3604 (t)
294 3531 335 3588 Ce
353 3525 397 3588 tut
416 3550 471 3588 une
488 3533 622 3589 veritable
640 3533 764 3602 bouillo,
785 3534 989 3591 tros-sericum
1002 3542 1032 3590 et
1047 3532 1267 3608 tres-glorieuse

203 3618 311 3692 ponrle
320 3631 413 3676 comte
420 3620 560 3693 d’Anjou3
575 3622 644 3677 mais
654 3638 764 3677 comme
773 3620 827 3678 elle
842 3621 922 3694 suit,
933 3638 969 3676 au
982 3622 1130 3692 contraire,
1143 3623 1201 3678 fort
1212 3639 1266 3695 peu

203 3704 358 3764 mornble
369 3726 443 3781 pour
453 3708 481 3764 le
491 3709 576 3764 he'ros
587 3708 623 3764 de
635 3709 819 3782 predilection
831 3708 866 3764 de
879 3719 960 3765 notre
972 3719 1072 3766 auteur
1083 3711 1189 3780 (Henri
1202 3709 1264 3781 l“),

204 3796 272 3854 ileu
287 3800 421 3873 repetisse
434 3798 474 3855 los
492 3802 671 3874 proportione
686 3799 722 3856 de
735 3810 799 3856 tout
810 3817 860 3855 son
874 3801 1003 3873 pouvoir.
1021 3799 1046 3855 Il
1064 3802 1153 3876 parsit
1168 3798 1267 3875 qu’elle

204 3887 248 3946 lut
255 3886 342 3945 livree
351 3907 416 3945 sous
424 3888 464 3945 les
474 3908 551 3945 murs
562 3891 666 3945 memes
673 3888 839 3964 d’lllencon,
848 3889 918 3944 daus
929 3909 968 3946 un
979 3889 1037 3947 lieu
1046 3909 1147 3948 encore
1155 3889 1269 3945 nomme

206 3982 351 4059 lechamp
358 3987 395 4043 de
406 3985 530 4054 Bauitte,
542 3998 623 4043 entre
632 3986 657 4042 le
667 3986 785 4042 chitteau
794 3987 829 4043 de
838 3999 911 4044 cette
921 3987 988 4047 ville
997 3999 1026 4045 et
1034 3989 1147 4044 Hertrd.
1161 3986 1265 4058 Voyez,

208 4070 270 4129 icc
286 4074 369 4147 sujet,
388 4074 513 4133 Odolant
528 4076 646 4143 Desnos,
661 4075 783 4133 Histoire
796 4076 968 4159 d'Alencon.
983 4089 1006 4133 t.
1020 4076 1046 4136 l.
1063 4096 1089 4150 p.
1104 4077 1155 4131 473
1168 4084 1197 4129 et
1209 4075 1267 4128 sui-

209 4172 307 4219 ventes.
