3256 5048
354 455 393 520 48
624 457 810 519 HISTORIA
833 457 1140 522 scelestissumi.
1302 466 1410 542 [1098]

354 588 574 663 detrimentis
589 591 716 663 acriter
727 616 790 664 eos
807 592 940 665 afflixit.
957 594 1086 666 Vincas
1099 591 1196 664 enim
1209 617 1337 668 eorum
1352 597 1409 670 iu·

354 705 450 803 genti
466 702 691 778 multitudine
708 723 927 781 armatorum
944 709 1147 808 extirpavit,
1166 724 1301 807 segetes
1317 736 1411 786 con-

353 819 515 911 culcavit,
526 834 560 892 ct
571 819 879 919 circumjacentem
893 825 1114 923 provinciam
1120 823 1335 916 devastavit3
1346 826 1410 900 sed

353 938 557 1012 diuturnam
579 937 803 1013 obsidionem
829 956 949 1014 tencre
971 942 1142 1041 nequivit.
1171 946 1260 1016 Nam
1276 959 1411 1043 egestas

353 1055 467 1128 victus
483 1055 597 1152 gravis
607 1054 815 1128 bominibus
827 1069 862 1129 et
877 1058 977 1156 equis
993 1057 1157 1143 instabat,
1171 1059 1255 1156 quia
1269 1075 1410 1159 tempus

352 1172 445 1244 inter
460 1186 596 1244 veteres
613 1186 647 1244 et
665 1197 777 1245 novas
793 1173 909 1271 fruges
926 1190 1011 1246 tunc
1022 1175 1090 1246 iter
1101 1174 1228 1271 agebat
1240 1177 1308 1272 (l).
1328 1178 1411 1248 Sex·

353 1287 460 1359 tarius
480 1310 600 1360 avenae
618 1286 743 1360 decem
766 1288 888 1360 solidis
908 1291 1257 1362 Cenomannensium
1281 1289 1411 1363 vende·

351 1399 468 1491 batur,
483 1401 559 1474 sine
570 1425 641 1500 qua
658 1402 894 1501 cornipedum
907 1402 1007 1500 vigor
1019 1403 1056 1475 in
1069 1404 1273 1478 Occidentis
1289 1404 1411 1478 clima·

352 1517 445 1591 tibus
471 1518 529 1588 vix
553 1531 782 1591 sustentatur.
809 1522 1037 1616 Quapropter
1062 1542 1124 1590 rex
1145 1519 1303 1616 legiones
1330 1543 1411 1594 suas

351 1631 531 1724 relaxavit,
547 1647 582 1704 et
594 1656 725 1705 messes
744 1657 825 1706 suas
846 1633 883 1704 in
904 1633 1045 1706 horreis
1059 1635 1205 1708 recondi
1219 1637 1408 1735 praecepit,

350 1763 458 1846 atque
477 1762 518 1821 ut
532 1761 615 1846 post
635 1747 884 1821 collectionem
905 1745 1047 1847 frugum
1067 1747 1232 1824 obsidere
1253 1751 1412 1824 hostium

351 1879 464 1937 castra
480 1863 595 1962 parati
611 1877 746 1954 essent,
764 1865 1000 1937 commonuit.

376 1977 377 1982 ’
401 1979 492 2052 Rufo
515 2003 596 2077 rege
613 2002 696 2051 cum
716 1978 835 2052 valido
855 1981 1013 2052 exercitu
1035 1981 1292 2054 Normauniam
1315 2003 1412 2080 repe·

350 2107 469 2184 tente,
488 2093 597 2167 Fulco
612 2118 733 2167 comes
755 2094 948 2169 Balaonem
964 2095 1124 2188 obsedit,
1144 2112 1199 2186 et,
1219 2097 1412 2195 aggregatis

352 2210 664 2309 Andegavensibus
687 2235 771 2283 cum
793 2214 1053 2304 Ceuomaunis‚
1082 2238 1148 2312 per
1177 2211 1314 2311 aliquot
1336 2211 1412 2286 dies

351 2329 556 2427 opprimere
566 2326 687 2400 hostes
704 2327 839 2425 sategit.
857 2331 1059 2400 Castrenses
1073 2343 1192 2401 autem
1210 2328 1282 2400 hoc
1294 2328 1409 2400 statim

350 2443 425 2540 regi
437 2441 710 2533 mandaverunt,
725 2457 774 2526 et,
789 2466 935 2517 rumore
950 2441 1158 2541 hujusmodi
1174 2443 1319 2535 diffuso,
1334 2444 1410 2516 ani·

351 2559 443 2631 mosi
460 2558 649 2657 optimates
673 2556 934 2632 contribulibus
956 2560 1029 2632 suis
1051 2558 1299 2634 adminiculari
1318 2583 1413 2632 sum·

350 2699 499 2774 mopere
512 2673 777 2746 festinaverunt.
793 2677 945 2765 Interea,
959 2674 1049 2747 dum
1059 2699 1182 2748 comes
1195 2688 1230 2746 et
1241 2673 1413 2747 exercitus

350 2791 386 2864 in
403 2790 564 2864 tentoriis
579 2789 652 2862 suis
667 2788 899 2890 pranderent,
920 2805 955 2862 et
967 2789 1124 2862 mendici
1140 2788 1187 2862 de
1200 2788 1337 2888 oppido
1357 2813 1413 2862 ac-

349 2922 451 3006 cepta
484 2907 574 3004 stipe
603 2903 755 2978 obsessis
786 2906 1037 2978 renunciarent
1072 2902 1172 3004 quod
1204 2904 1411 2980 obsidentes

243 3023 251 3036 '
350 3037 456 3112 binc,
475 3020 638 3094 videlicet
659 3021 754 3094 circa
771 3021 912 3094 tertiam
926 3019 997 3117 (2),
1020 3019 1271 3111 comederent,
1297 3020 1336 3092 in
1358 3043 1414 3092 arr·

339 3138 419 3208 ,mis
446 3135 617 3209 ordinatae
644 3137 738 3208 acies
770 3135 922 3208 militum
951 3136 1070 3209 subito
1099 3135 1349 3235 prosilierunt,
1377 3149 1414 3208 ct

350 3256 503 3325 inermes
517 3250 565 3323 ad
574 3233 742 3324 'mensam
760 3251 955 3324 residentes
973 3276 1017 3324 ex
1033 3253 1213 3351 insperato
1227 3251 1414 3350 proturba·

349 3381 491 3459 verunt,
507 3379 543 3439 et
559 3363 720 3464 pluribus
737 3367 849 3467 captis
867 3392 994 3440 omncs
1011 3367 1099 3440 alios
1115 3366 1339 3465 fugaverunt.
1360 3367 1412 3439 lbi

349 3481 551 3556 Gualterius
567 3478 614 3553 de
631 3480 874 3554 lllontesorelli
890 3498 927 3555 et
943 3481 1152 3554 Goisfredus
1174 3480 1220 3554 de
1236 3481 1410 3571 brioleto,

349 3598 530 3671 lohannes
549 3594 597 3668 de
616 3593 768 3667 Blazoue
791 3611 827 3668 et
846 3596 976 3670 Berlais
997 3596 1043 3669 de
1061 3595 1255 3668 lllostcrolo
1278 3597 1353 3693 (3),
1376 3610 1414 3670 et

384 3847 423 3920 (l)
442 3845 529 3901 Notre
544 3851 645 3898 auteur
661 3851 727 3896 veut
741 3840 803 3898 dire
815 3843 900 3917 qn’ou
913 3845 983 3902 eluit
996 3847 1114 3902 arrived
1129 3865 1185 3902 une
1197 3847 1308 3923 dpoque
1319 3847 1359 3902 oti
1374 3845 1413 3902 let

351 3934 511 3992 recoltesen
524 3928 643 3988 cereale·
651 3927 686 3986 dc
696 3928 803 3985 l'anne'e
811 3931 978 4003 precedente
987 3935 1092 3990 etaient
1101 3935 1236 4007 spuisse,
1246 3936 1321 3990 etod
1331 3933 1414 3990 celles

349 4027 399 4101 qni
412 4025 516 4080 etaient
525 4019 595 4075 dans
605 4017 630 4074 la
641 4029 732 4092 terre,
744 4019 882 4076 n‘avaient
892 4039 941 4096 pas
951 4041 1053 4079 encore
1063 4025 1160 4097 acquic
1172 4023 1234 4079 leur
1247 4023 1389 4080 maturite'.

384 4113 424 4184 (2)
437 4111 464 4166 Α
474 4106 544 4164 neul
554 4107 655 4163 heures
667 4107 706 4162 du
719 4107 818 4162 mutin.

386 4200 424 4272 (3)
435 4195 554 4253 chtier
565 4193 601 4251 de
614 4195 810 4267 montaureus,
826 4194 867 4252 fils
878 4195 914 4251 dc
926 4196 1086 4254 Guillaume
1097 4199 1132 4256 de
1143 4199 1320 4258 Montcoreau
1330 4242 1339 4272 ,
1351 4217 1413 4273 pie·
