2888 4934
188 406 247 463 ¹70
459 395 643 458 HISTORIA
664 394 968 458 scelestasrtca.
1136 398 1244 476 [tros]

186 558 257 631 que
270 531 393 603 litteris
411 530 586 601 annotari.
603 533 765 626 Cumque
778 526 977 600 Rodbertus
992 525 1188 618 licentiam,
1206 542 1246 601 ut

186 648 298 720 moris
320 661 390 736 est,
414 643 523 717 eundi
542 644 589 718 ad
611 644 800 717 consilium
816 658 900 716 cum
918 643 990 714 suis
1011 641 1243 740 postulasset,

186 760 383 858 eademque
396 773 552 856 accepta,
568 783 741 855 egressus,
754 759 897 858 purgari
910 780 948 829 se
961 755 1008 828 de
1020 730 1247 852 objectis‘tss·

186 875 341 949 minibus
354 899 429 947 non
439 899 545 973 posse
556 875 769 971 agnovisset,
784 873 887 972 equis
901 871 1063 947 celeriter
1075 872 1244 962 ascensis,

185 991 232 1063 ad
255 991 397 1064 castella
415 1014 477 1063 sua
500 989 651 1089 pavidus
666 1005 703 1063 et
723 990 872 1062 anbelus
890 987 1068 1085 confingit,
1087 1002 1142 1075 et,
1163 982 1252 1087 rege

184 1132 268 1179 oum
285 1105 480 1178 baronibus
496 1107 568 1178 suis
584 1130 797 1204 responsum
814 1118 1036 1206 expectante,
1055 1103 1176 1201 regius
1191 1114 1247 1175 οἱ·

185 1221 285 1294 telles
315 1221 539 1294 Rodbertum
567 1221 744 1319 extemplo
775 1222 958 1295 recessisse
987 1218 1118 1292 retulit.
1142 1222 1247 1313 :l‘una

186 1336 350 1408 delusum
360 1361 400 1409 se
414 1361 475 1410 rex
488 1335 622 1426 doluit;
637 1336 700 1408 sed
714 1351 856 1435 tempus
868 1335 1013 1408 ultionis
1026 1348 1102 1407 noa
1115 1331 1247 1405 dubim

186 1453 394 1550 expectavit.
409 1450 629 1524 ttodhertum
640 1453 761 1549 itaque
769 1450 920 1551 publicis
936 1448 1119 1548 questibus
1135 1447 1247 1546 impe·

187 1569 303 1656 titiam,
319 1593 386 1640 neo
400 1567 556 1665 legaliter
567 1567 759 1666 expiatum,
775 1565 892 1667 palam
904 1563 1177 1664 blasphemavit,
1196 1575 1245 1651 ct,

186 1682 252 1754 nisi
267 1683 511 1781 adjudicium,
524 1683 776 1756 rectitudinem
792 1683 960 1773 facturus,
975 1693 1166 1770 remearet,
1179 1700 1248 1777 pn·

186 1797 319 1871 blisum
337 1798 478 1871 bostem
491 1800 676 1896 judicavit.
697 1805 829 1873 lterum
846 1797 1019 1871 rebellem
1033 1794 1247 1879 adconm'o*

186 1938 272 1985 nem
285 1915 464 2006 inritavit3
481 1917 543 1988 sed
557 1908 618 1990 ille
629 1917 751 1989 venire
763 1939 909 2015 prorsus
920 1912 1102 2001 reitrtarit3
1117 1911 1245 1996 immo,

187 2014 327 2101 castella
355 2055 420 2104 sua
444 2030 544 2102 vallis
572 2047 608 2104 et
633 2031 743 2103 muris
769 2030 928 2127 undique
955 2025 1130 2119 munivit,
1143 2038 1197 2099 tet
1226 2048 1249 2098 a

188 2145 347 2238 cognatis
363 2147 591 2234 Normannis,
608 2146 853 2242 extraneisque
866 2143 1001 2232 Gualis,
1020 2156 1055 2213 et
1071 2164 1093 2213 a
1108 2136 1250 2249 ψη

188 2257 354 2331 affinibus
369 2262 441 2332 suis
457 2260 673 2333 adminicula
686 2262 821 2359 petivit.
839 2264 910 2332 Rex
921 2274 1041 2332 autem
1053 2255 1249 2329 exercitum

190 2373 320 2470 Angliae
331 2376 557 2466 convocavit,
572 2391 609 2448 et
621 2375 855 2448 arundellum
867 2374 1050 2447 castellum
1062 2372 1132 2469 (l),
1148 2366 1249 2468 quod

189 2513 302 2588 prope
321 2490 418 2562 littus
444 2491 550 2563 maris
572 2493 681 2563 situm
702 2506 775 2583 est,
799 2491 957 2580 obsedit,
982 2488 1104 2585 ibique
1126 2484 1251 2558 castris

188 2607 413 2697 constructis,
431 2621 597 2678 stratores
609 2632 695 2679 cum
704 2606 845 2679 familiis
856 2607 929 2677 suis
939 2603 1053 2677 tribus
1067 2596 1250 2674 mensibu

187 2719 332 2792 dimisit.
363 2724 499 2793 lnterea
525 2722 687 2794 inducias
710 2721 892 2794 humiliter
916 2744 937 2793 a
963 2744 1047 2817 rege
1071 2717 1252 2816 petierant

188 2835 355 2909 custodes
371 2837 595 2924 munitionis,
620 2851 660 2908 ut
683 2861 704 2909 a
727 2837 879 2908 domino
902 2852 968 2906 suo
992 2834 1173 2929 exigerent
1194 2826 1250 2901 rel

189 2951 358 3024 auxilium
376 2952 610 3042 defensionis,
629 2951 686 3024 vel
704 2952 916 3051 permissum
933 2944 1249 3020 reconciliationis.

190 3069 377 3139 annuente
395 3091 490 3163 rege,
510 3067 685 3139 veredarii
704 3066 923 3138 Rodbertum
939 3065 977 3135 in
994 3063 1140 3158 regione
1156 3063 1252 3131 Mer-

190 3178 328 3250 ciorum
346 3183 576 3276 quaesierunt,
600 3184 703 3280 eique
722 3196 864 3281 reperto
882 3177 1144 3251 intolerabilem
1159 3174 1252 3271 regis

191 3296 461 3392 oppressionem
478 3298 666 3371 imminere
678 3295 752 3371 sibi
768 3297 871 3369 anxie
889 3293 1176 3367 denudaverunt.
1199 3286 1253 3361 lbi

192 3435 320 3508 nempe
345 3414 510 3509 Brugiam
536 3415 609 3511 (2),
637 3412 915 3487 munitissimum
938 3425 1116 3496 castrum,
1144 3428 1253 3503 super

192 3524 377 3596 Sabrinam
393 3527 543 3598 fluvium
556 3527 797 3619 construebat,
812 3542 848 3599 et
863 3527 946 3599 totis
957 3526 1002 3596 ad
1015 3519 1252 3596 resistendum

227 3771 266 3842 (l)
281 3773 318 3826 Le
328 3773 445 3828 chitaau
459 3773 639 3842 d’Arundell,
651 3775 720 3829 dans
732 3775 758 3830 le
770 3778 861 3831 comte
872 3773 909 3828 de
920 3774 1034 3835 Snssex,
1050 3789 1099 3824 sur
1112 3769 1140 3824 la
1152 3768 1255 3824 riricre

192 3858 314 3929 d'rlruu,
327 3864 343 3915 a
355 3861 443 3918 doure
459 3864 550 3918 milles
567 3863 603 3918 dc
619 3863 765 3919 Chicester
780 3874 810 3918 et
824 3873 887 3918 tout
904 3863 968 3934 prbr
979 3859 1015 3914 dc
1028 3859 1054 3914 la
1067 3874 1138 3924 mer,
1152 3873 1255 3929 appar·

192 3951 265 4004 tient
277 3950 456 4021 aujourd’hui
470 3955 486 4006 l
499 3952 524 4007 la
537 3952 640 4007 tantille
653 3951 785 4009 lloward.

227 4042 266 4110 (a)
283 4039 485 4113 Bridgenorth,
504 4061 552 4097 sur·
571 4042 596 4097 la
611 4043 745 4111 Severus,
765 4047 779 4096 a
797 4041 958 4115 vingt-trois
975 4038 1062 4092 lieues
1080 4036 1111 4089 E.
1126 4035 1157 4090 S·
1168 4033 1201 4087 B.
1217 4031 1256 4085 tle

195 4130 387 4203 Slrrcwsbury.
