2888 4934
200 400 259 466 uo
471 398 654 459 uissosu
675 397 979 465 secessissent.
1053 401 1141 481 [m.
1161 404 1249 481 nso]

199 533 305 605 rebus
325 546 406 629 post
424 531 555 603 multos
572 529 711 603 labores
730 532 865 630 optime
881 531 1075 631 dispositis,
1095 531 1249 606 decrevit

199 647 437 740 transfretare,
461 662 496 719 et
516 645 691 719 tironibus
711 672 752 720 sc
773 646 958 745 praecipuis
976 645 1168 737 militibus,
1190 649 1248 745 qui

197 762 391 854 laboriose,
420 760 639 858 fideliterque
662 761 917 854 militaverant,
947 760 1045 859 larga
1073 760 1248 860 stipendis

196 901 354 975 erogare,
371 892 407 950 et
421 876 597 975 quosdam
610 875 738 976 amplis
752 874 951 948 honoribus
966 874 1058 947 datis
1072 875 1112 947 in
1129 875 1247 974 Angl'n

196 992 397 1065 sublimare.
423 991 526 1064 Unde
543 991 690 1064 classem
715 991 888 1063 continuo
909 991 1011 1087 jussit
1037 991 1244 1089 pimparui,

194 1124 230 1181 et
240 1109 423 1205 copiosam
436 1108 554 1179 omnis
566 1107 745 1205 dignitatis
760 1106 920 1179 militiam
935 1130 1058 1178 secum
1071 1106 1244 1178 comitati.

241 1227 378 1295 Interea
410 1219 578 1294 Radulsus
606 1221 652 1294 de
680 1222 841 1310 Guader,
871 1232 1033 1292 memens
1061 1217 1246 1318 perfidiam

194 1342 495 1428 Normannorum,
515 1363 621 1437 super
634 1363 738 1435 quos,
757 1339 843 1436 ipsis
854 1362 921 1436 pro
935 1335 1118 1408 Eustachii
1131 1336 1247 1411 savoie

193 1453 321 1550 prioris
327 1454 405 1525 heri
414 1453 631 1544 nolentibus,
644 1452 1041 1552 agitabatdominatum,
1052 1466 1088 1526 et
1097 1477 1246 1551 pensans

192 1567 291 1664 quod
309 1568 454 1640 Guader
475 1583 510 1640 et
529 1567 816 1641 Montemsortem
833 1567 888 1664 (l)
910 1581 945 1639 et
967 1567 1036 1639 alia
1057 1567 1194 1666 oppida
1212 1583 1246 1641 et

191 1684 349 1781 ingentes
372 1684 519 1758 haberet
542 1709 584 1758 ex
611 1685 828 1784 patrimonio
853 1708 919 1757 suo
944 1685 1244 1781 possessiouesin

191 1797 335 1894 nogione
349 1800 545 1892 Biitnnum,
556 1798 707 1871 consilio
718 1797 948 1888 etvoluntate
959 1797 1065 1894 regis,
1079 1797 1244 1892 Ricardo,

191 1911 266 2008 ejus
279 1912 366 2008 filio,
381 1912 490 1987 filiam
504 1937 607 1987 suam
622 1914 767 2013 pepigit,
786 1927 821 1985 et
834 1911 1020 1984 Britnlium
1035 1926 1148 2009 atque
1163 1911 1245 1986 Gloz

191 2041 227 2098 et
236 2028 366 2122 Limus
384 2043 571 2128 totumque
581 2029 759 2101 honorem
775 2027 811 2099 in
828 2027 990 2099 Neustria
1001 2025 1070 2098 sibi
1085 2026 1245 2099 debitum

77 2160 80 2166 ’
190 2166 273 2214 cum
293 2144 352 2216 illa
369 2145 527 2218 donavit.
546 2149 681 2218 Verum
697 2143 792 2217 istud
811 2142 1000 2215 consilium
1019 2140 1200 2215 imbecille
1213 2155 1245 2215 et

190 2253 357 2329 frivolum
377 2258 461 2351 tuit,
482 2259 566 2357 quia
582 2262 695 2347 Deus,
716 2259 780 2356 qui
796 2271 925 2330 cuncta
942 2256 1036 2329 bene
1053 2256 1241 2352 gubernat,

189 2370 290 2444 aliter
304 2372 495 2445 ordinavit.
514 2378 603 2446 Nam
619 2374 755 2471 puella,
774 2374 820 2446 de
836 2397 909 2472 qua
923 2372 1060 2445 mentio
1076 2371 1137 2464 fit,
1156 2370 1244 2444 Rod-

189 2486 305 2579 berto,
324 2487 448 2559 comiti
462 2492 703 2585 legrecestrae,
720 2485 953 2586 postmodum
968 2488 1103 2586 nupsit,
1122 2503 1159 2559 et
1173 2487 1244 2586 plu·

190 2603 287 2674 rimis
301 2627 385 2675 cum
401 2602 464 2676 illo
480 2604 583 2675 annis
597 2604 683 2675 vixit
698 2603 767 2700 (2).

237 2720 375 2814 Ingenti
395 2718 507 2793 classe
529 2720 566 2790 in
596 2733 704 2817 portu
726 2719 789 2815 qui
813 2718 992 2791 Barbatlot
1018 2719 1073 2814 (3)
1097 2716 1239 2806 dicitur,

189 2975 260 3032 deux
276 2978 345 3044 cois,
359 2988 387 3033 et
399 2977 566 3048 l'hommap
577 2977 655 3033 faita
669 2976 879 3032 louis-leGros
890 2993 962 3049 pour
976 2974 1002 3030 la
1014 2975 1189 3031 Ncrmandie
1199 2992 1243 3048 pn·

188 3064 349 3121 Guillanme
361 3064 476 3134 Adelin,
494 3082 530 3120 en
546 3067 677 3138 presence
693 3076 722 3120 et
737 3081 787 3138 pst
803 3064 905 3119 l’ordte
917 3063 952 3120 de
966 3080 1016 3119 son
1033 3065 1110 3136 pere.
1127 3063 1154 3118 ll
1164 3063 1243 3119 existe

188 3153 262 3207 enfin
277 3172 332 3209 une
344 3155 422 3227 piece
434 3154 484 3227 qui
497 3172 532 3208 nc
545 3163 653 3228 permet
665 3151 701 3207 de
713 3169 859 3207 conserver
870 3170 962 3207 aucun
974 3150 1061 3206 doute
1074 3169 1124 3207 sur
1137 3151 1164 3206 la
1175 3152 1242 3206 veti·

190 3240 262 3294 table
273 3239 337 3296 date
349 3241 385 3296 de
396 3261 427 3297 ce
439 3240 560 3297 desastse
575 3265 581 3295 ε
595 3241 662 3296 c’est
672 3257 728 3295 une
741 3240 837 3297 charte
850 3240 889 3295 du
900 3241 941 3296 roi
954 3239 1043 3295 llenri
1056 3257 1093 3295 en
1105 3240 1203 3294 lavent
1211 3237 1242 3293 de

189 3326 311 3400 l'abbayc
329 3328 365 3384 de
379 3330 482 3397 Cerisi,
501 3324 582 3383 dstee
598 3327 633 3384 de
650 3328 776 3384 Barflenr
791 3325 818 3384 le
833 3331 864 3388 st
882 3328 1031 3384 novembre
1043 3330 1132 3394 ⁴⁴20,
1151 3336 1244 3400 qutttc

187 3417 279 3486 jonis,
293 3434 343 3488 par
354 3420 539 3492 consequent,
555 3427 636 3472 avant
646 3435 695 3472 sen
707 3416 945 3490 embaiquement.

224 3501 301 3556 Nous
314 3520 349 3557 ne
361 3523 479 3576 pensons
493 3522 554 3578 pas,
568 3524 603 3559 nu
615 3515 701 3573 reste,
711 3522 767 3578 qne
777 3515 851 3560 cette
864 3522 946 3576 grave
955 3521 1054 3559 ert-eut·
1065 3506 1243 3578 appartienne

188 3606 223 3643 en
238 3606 340 3661 propte
355 3593 371 3644 l
387 3603 467 3647 notre
483 3604 593 3659 auteur,
607 3594 676 3647 mais
685 3592 753 3666 qu'il
765 3591 800 3646 l‘a
812 3593 907 3665 puisee
918 3590 987 3646 dans
998 3591 1024 3647 la
1035 3591 1202 3666 chronique
1211 3589 1243 3644 de

188 3677 414 3750 Saint-Evroult,
429 3679 498 3736 dont
516 3681 541 3735 la
561 3681 703 3737 seduction
721 3699 756 3735 en
772 3690 817 3736 cet
829 3679 943 3736 endroit
960 3697 1030 3735 nens
1046 3679 1154 3736 semble
1169 3681 1242 3735 antd-

186 3767 308 3822 rieures
321 3766 389 3822 celle
401 3767 441 3822 du
453 3762 526 3825 texte
537 3770 697 3828 d’Orderic.

221 3854 259 3927 (t)
277 3855 348 3912 Gae'l
360 3866 389 3912 et
400 3856 691 3915 montfort-tvenne
702 3859 712 3930 (
717 3856 965 3928 Ille-et·Vilaiue).

222 3946 261 4015 (2)
280 3946 387 4000 Amicis
400 3944 435 4000 de
449 3943 574 4012 Guader,
591 3947 692 4002 inariee
710 3952 724 4002 a
741 3945 1005 4010 aubert-lenosis,
1023 3954 1115 3999 comte
1133 3942 1169 3998 de
1185 3941 1241 3996 lei-

188 4043 285 4098 cester,
300 4033 341 4088 fils
352 4034 387 4088 de
402 4032 520 4097 Robert‚
535 4043 625 4089 comte
636 4033 671 4089 de
683 4034 804 4091 Meulan.

224 4122 262 4185 (3)
282 4121 413 4177 Barssour.
