2888 4934
285 415 347 479 476
376 476 388 495 ,
559 410 744 475 HISTORIA
764 411 1069 476 uectustts'rtca.
1236 411 1348 493 [1127]
1372 418 1375 423 '

286 544 402 617 donec
429 543 630 617 Ludovicus
655 569 716 617 rex
743 546 897 618 Franciae
924 572 1009 618 cnm
1033 543 1227 618 Guillelrno
1255 547 1346 614 Nor·

285 683 420 732 manno
442 659 554 749 venit,
576 672 612 730 et
631 659 820 732 obsidione
841 675 1022 734 menstrua
1041 659 1139 734 diros
1157 657 1347 733 carnifices

283 775 471 864 coartavit,
492 775 586 873 oepit
604 788 639 845 et
659 773 706 846 de
723 774 893 849 alussima
916 789 1013 848 turre
1035 775 1159 873 Brugis
1180 773 1345 872 praeeipi-
1379 775 1387 801 '

283 890 382 962 tavit.
401 888 539 962 Deinde
553 888 744 962 Guillelmo
763 895 970 963 Normanno
983 889 1153 963 ducatum
1168 886 1345 960 Flaudriae

281 1005 398 1098 dedit,
421 1021 457 1079 et
473 1004 708 1079 vilcassinum
727 1032 811 1079 curn
830 992 972 1105 op'pidis
987 1031 1067 1106 quae
1084 1004 1236 1078 dederat
1251 1027 1346 1075 reee-

281 1123 333 1223 pit
343 1123 409 1222 (4).
427 1126 557 1195 Verum
572 1120 795 1216 Guillelmus,
815 1137 855 1195 ut
870 1121 1043 1195 ducatum
1056 1118 1232 1193 Flandriae
1242 1117 1343 1189 dono

279 1488 544 1547 Robert-le-Friton
561 1501 590 1546 et
609 1490 746 1565 burgrare
761 1490 869 1566 d'Ipre,
887 1492 938 1567 qni
953 1508 983 1547 ae
996 1499 1044 1547 tna
1059 1507 1096 1545 en
1108 1486 1246 1545 tonabant
1260 1487 1344 1542 d'une

277 1576 399 1645 teneare,
412 1595 448 1633 en
461 1579 541 1635 4404.

312 1664 476 1722 Gnillannre
488 1666 593 1739 portait
605 1664 633 1721 le
646 1684 713 1724 nom
724 1665 817 1741 d'lpoe
828 1683 911 1739 paroc
922 1665 990 1742 qu’il
1002 1683 1038 1722 en
1049 1664 1119 1721 enit
1127 1663 1264 1720 vieomte.

313 1752 338 1809 lt
350 1754 420 1810 n’ert
428 1753 583 1811 nullement
592 1755 705 1831 odrqne
712 1774 744 1811 ee
752 1773 924 1830 perronnage
932 1755 1210 1827 aitdtedtrangerau
1217 1762 1343 1807 meurtre

277 1842 318 1899 du
329 1852 421 1899 comte
436 1843 563 1902 Charlea.
576 1842 601 1899 Il
612 1843 703 1918 parait
714 1860 750 1901 au
760 1845 900 1901 contraire
914 1842 995 1900 r’etre
1006 1841 1130 1900 entendu
1141 1858 1208 1897 arec
1219 1840 1262 1897 leo
1274 1858 1342 1896 eon-

274 1932 362 2005 jures,
375 1942 405 1988 et
415 1932 493 1988 avoir
504 1931 634 2001 derebt,
650 1951 714 1988 arec
725 1931 787 1988 leur
798 1933 975 2000 noanneane,
989 1935 1006 1988 a
1017 1931 1168 2005 a'enaprrer
1178 1928 1222 1984 du
1235 1933 1342 1992 comt&

276 2021 347 2076 narie
357 2019 377 2075 il
388 2030 485 2094 nepot
495 2038 515 2095 y
526 2021 673 2095 parvenit:
684 2040 716 2078 eo
726 2020 805 2094 quod
812 2023 925 2093 spurius
934 2022 984 2088 sit,
999 2027 1085 2074 natur
1092 2018 1199 2075 seilicet
1209 2036 1249 2073 ex
1256 2017 1345 2072 nobili

276 2117 359 2181 patre
370 2117 398 2164 et
410 2118 498 2165 matre
508 2109 639 2183 ignobili,
657 2128 721 2183 qun
735 2111 819 2165 larem
835 2128 962 2182 carpere,
980 2107 1048 2163 dum
1064 2109 1168 2162 viveret
1183 2109 1263 2180 ipre,
1286 2126 1343 2160 non

149 2186 152 2193 ’
171 2254 175 2263 ,
277 2204 410 2252 ceram
422 2197 527 2267 Quand
539 2197 560 2252 il
572 2195 708 2253 manda
719 2200 735 2252 a
746 2195 868 2252 Bertulse
877 2197 1006 2269 expirant
1016 2211 1065 2250 aar
1075 2193 1102 2249 la
1113 2203 1252 2268 potenoe,
1264 2192 1342 2269 quola

276 2283 381 2339 etaient
395 2300 437 2340 eea
450 2284 613 2358 complices,
630 2285 744 2342 celui-ci
757 2284 797 2341 lui
811 2282 944 2359 repondit
958 2307 964 2337 :
979 2281 1073 2357 Eque
1087 2293 1131 2352 tu,
1147 2284 1222 2338 sicut
1234 2291 1340 2356 elego,

278 2374 363 2429 nosti.

312 2459 529 2519 lucinia-Grec
545 2462 588 2518 tut
610 2462 703 2535 oblige
720 2462 869 2537 d’arridger
879 2461 1044 2521 Guiilanrne
1055 2459 1124 2516 dant
1140 2459 1222 2534 Ipre3
1237 2459 1304 2514 e'ert
1316 2457 1341 2510 l'a

275 2549 344 2626 qn'il
359 2549 404 2606 snt
420 2550 471 2606 nit
486 2552 646 2626 pritannier
662 2551 689 2608 le
706 2554 742 2611 26
759 2551 841 2621 avril,
858 2562 888 2607 et
904 2568 961 2609 non
979 2555 995 2608 a
1010 2552 1092 2620 Trie,
1106 2566 1220 2605 comme
1237 2548 1263 2604 le
1280 2546 1340 2602 dira

275 2637 386 2696 bientdt
397 2649 477 2695 notre
487 2650 597 2696 auteur.
612 2641 797 2714 Emprironne
807 2643 823 2695 a
834 2639 913 2709 Lille,
925 2640 990 2714 puis
1000 2643 1017 2696 a
1028 2639 1144 2711 Bruges,
1155 2639 1221 2713 puis
1231 2637 1340 2692 nmene'

275 2727 290 2780 a
308 2725 389 2796 Lille,
409 2726 428 2781 il
443 2726 488 2783 sut
504 2727 595 2783 rendu
606 2729 622 2782 a
635 2726 661 2783 la
677 2727 778 2783 liberte
794 2746 830 2783 an
844 2729 915 2785 mois
930 2727 965 2783 de
982 2745 1055 2782 maro
1068 2728 1153 2793 ⁴⁴28,
1169 2733 1340 2798 moyennant

275 2811 324 2868 deo
341 2830 495 2886 promereor
510 2813 547 2871 de
567 2812 671 2870 fidente
685 2815 754 2890 qn'il
771 2833 807 2871 ne
821 2815 879 2871 tint
892 2833 950 2888 par.
966 2815 1057 2888 Apros
1070 2814 1096 2869 ia
1109 2813 1148 2867 tin
1162 2812 1339 2886 promatnre'c

275 2901 311 2958 de
322 2902 484 2959 Guillaume
493 2902 605 2972 Cliton,
618 2904 639 2959 il
652 2921 681 2959 re
693 2902 787 2959 rendit
796 2905 897 2960 maitre
908 2903 944 2960 de
955 2902 1079 2972 Ledute,
1091 2911 1121 2957 et
1130 2918 1160 2957 ae
1169 2910 1252 2974 porta
1263 2916 1338 2953 oom-

274 2991 398 3063 petiteur
409 2990 446 3046 de
460 2991 574 3047 Thierri
586 2990 725 3060 d'Alraoe,
740 2992 790 3065 qui
801 2990 933 3064 l'expulra
944 2989 983 3047 du
995 3008 1076 3064 pays,
1089 2999 1119 3045 et
1129 2987 1157 3044 le
1168 2987 1246 3061 fore·
1259 2985 1297 3040 de
1312 3003 1338 3039 se

275 3077 399 3152 refngier
409 3097 446 3135 en
459 3078 634 3153 Angleterre.
649 3079 727 3135 Nous
739 3078 766 3134 le
777 3088 974 3135 retrouveronr
985 3077 1049 3152 pins
1060 3076 1123 3135 tard
1135 3094 1170 3131 au
1183 3075 1289 3131 service
1301 3072 1339 3126 dn

275 3166 318 3221 roi
331 3155 459 3224 Etienne.
476 3168 591 3235 C’etait,
605 3169 627 3223 ei
640 3185 711 3223 nous
724 3185 806 3224 osone
819 3166 910 3241 parler
922 3168 1007 3236 ainsi,
1023 3167 1098 3223 l’nne
1109 3164 1246 3221 detrimen
1258 3161 1338 3216 dam-

275 3254 342 3308 nees
355 3254 390 3310 de
407 3255 496 3312 Henri
510 3257 555 3324 1⁶¹,
568 3254 627 3312 l’un
639 3254 688 3312 dee
700 3257 864 3329 principari
875 3266 973 3329 agente
984 3256 1020 3312 de
1033 3273 1076 3311 oea
1087 3251 1292 3309 machinatione
1304 3267 1338 3305 en

275 3339 394 3398 Flandoe
414 3354 512 3400 contre
530 3342 689 3399 Guillaume
707 3342 812 3401 Cliton.
833 3342 916 3402 Voila
932 3343 1076 3418 pourqnoi
1093 3352 1174 3397 notre
1194 3337 1339 3395 artearte

275 3428 357 3485 traite
369 3448 433 3487 arec
444 3443 505 3488 tant
517 3432 554 3489 de
566 3434 669 3488 favour.

311 3518 351 3589 (4)
370 3520 407 3573 Le
427 3520 543 3575 chateau
558 3522 630 3576 avait
649 3522 694 3577 ete
713 3521 812 3578 investi
823 3521 889 3578 huit
903 3523 984 3595 jourr
1000 3523 1081 3595 apres
1097 3518 1124 3575 le
1140 3519 1228 3574 crime
1245 3535 1298 3592 par
1314 3516 1339 3572 ie

275 3605 449 3663 chmheuan
462 3608 587 3664 Gerraie.
598 3609 684 3664 Evain
698 3619 727 3665 et
739 3608 837 3665 Daniel
850 3628 879 3665 re
889 3610 1046 3683 joignirent
1055 3606 1165 3664 bientot
1175 3611 1193 3661 a
1204 3606 1256 3674 lui,
1269 3607 1338 3661 ainsi

275 3712 329 3769 que
342 3695 382 3751 les
394 3696 536 3751 habitante
549 3697 584 3751 de
597 3696 682 3753 Gand
693 3708 723 3753 et
734 3695 770 3754 de
783 3698 897 3771 Bruges.
912 3698 950 3753 1ae
966 3699 1009 3754 roi
1023 3708 1051 3753 et
1064 3695 1230 3752 Guillaume
1242 3694 1339 3751 Cliton

275 3784 430 3840 arrirerent
441 3787 455 3838 t
468 3784 574 3856 Bruges
585 3783 612 3840 ie
624 3785 715 3841 mardi
726 3785 763 3843 de
771 3785 890 3859 Piques.
903 3787 940 3841 Le
951 3785 1042 3840 mardi
1054 3788 1089 3842 49
1101 3784 1184 3844 avril,
1203 3782 1243 3839 lea
1253 3784 1338 3838 ansie-

277 3873 324 3944 [ζέε
336 3891 364 3927 ee
376 3872 521 3928 rendirent
534 3873 549 3925 ὲ
560 3871 723 3931 discre'tion.
737 3872 775 3929 lle
788 3875 882 3930 iurent
894 3874 1044 3948 pre'cipitds
1054 3872 1094 3928 du
1106 3871 1175 3927 hant
1187 3871 1224 3926 de
1235 3870 1263 3924 ta
1276 3881 1340 3925 tour

277 3958 311 4013 de
328 3960 434 4034 Bruges
450 3960 476 4016 le
489 3959 567 4032 jeudi
580 3963 597 4016 3
611 3962 675 4015 mai.
694 3961 842 4017 L'e'lection
857 3962 895 4018 du
910 3972 1001 4017 oomte
1012 3950 1174 4017 Gniliaume
1188 3968 1238 4014 eut
1251 3959 1308 4014 lieu
1325 3961 1339 4011 'a

277 4050 374 4116 Arras,
397 4068 431 4103 en
452 4051 581 4122 presence
600 4048 638 4104 dn
658 4049 716 4119 roi,
739 4047 763 4103 ie
780 4052 816 4108 nt
834 4069 870 4106 ou
891 4054 925 4110 26
945 4068 1032 4118 mars,
1054 4049 1116 4123 puis
1136 4045 1304 4104 reneuvelee
1324 4049 1339 4100 'a

278 4137 380 4208 [irriges
393 4139 417 4192 ie
431 4143 447 4195 Ξ
459 4139 536 4194 avril.
