3140 5076
388 502 448 564 348
658 500 842 564 HISTORIA
864 500 1173 566 uccttstssttcs.
1341 508 1442 586 [llll]

389 651 467 702 ram
484 626 650 702 reddidit.
670 630 899 705 alencionem
916 646 953 705 et
972 630 1190 704 stmuntscas
1209 645 1318 728 atque
1339 633 1442 708 Vint-

388 747 499 839 oium,
514 745 653 844 aliaque
663 762 775 820 castra
790 748 822 820 ci
834 749 1022 840 concessit,
1035 762 1164 848 praeter
1172 746 1394 846 dangiones(
1416 751 1441 844 ),

389 885 481 959 quos
494 863 649 961 propriis
665 860 930 936 excubitoribus
945 864 1149 962 assignavit.

425 976 622 1050 'liudberto
630 978 737 1052 etiam
748 977 794 1052 dc
803 981 934 1053 Sancto
944 980 1125 1071 Serenico,
1136 977 1199 1077 qui
1207 977 1441 1052 consobrinus

388 1094 479 1191 regis
493 1107 568 1166 erut
581 1093 650 1190 (2),
667 1094 761 1192 ipse,
771 1093 938 1192 precibus
953 1095 1070 1168 soceri
1082 1092 1193 1194 prolis
1203 1117 1289 1184 suae,
1305 1092 1444 1166 indulsit

323 1245 337 1276 ι
386 1208 620 1307 quod'nuper
634 1207 796 1282 desertor
807 1209 903 1305 juris.
912 1209 960 1282 ad
976 1208 1098 1282 hostes
1112 1208 1307 1299 transierit,
1326 1222 1365 1282 et
1377 1211 1443 1280 lllo·

388 1323 619 1396 nasteriolum
634 1337 671 1396 et
688 1321 941 1397 Escallurnum
958 1323 1117 1398 reddidit
1132 1322 1205 1421 (3).

437 1436 541 1538 Apud
552 1439 752 1511 Luxovium
762 1440 991 1538 congregatio
1004 1463 1134 1538 magna
1143 1437 1352 1538 praesulum,
1368 1463 1443 1538 pro

388 1577 582 1653 corumque
603 1556 789 1648 convenit,
812 1570 847 1630 et
868 1555 918 1628 ibi
938 1571 1023 1630 tunc
1040 1557 1232 1628 immatura
1253 1579 1355 1628 mors
1374 1553 1444 1627 Bul-

389 1668 507 1761 duini,
528 1685 674 1771 satrapae
689 1673 917 1745 Morinorum-
930 1672 1007 1769 (lt),
1027 1672 1164 1746 cunctis
1185 1672 1363 1761 innotuit,
1384 1696 1444 1770 pro

388 1784 489 1880 cujus
505 1785 631 1858 animae
647 1785 872 1860 absolutione
886 1801 923 1858 et
934 1785 1054 1885 quiete
1065 1809 1128 1857 rex
1144 1784 1241 1857 clero
1257 1784 1361 1882 signa
1374 1783 1446 1884 pul·

387 1889 1443 2000 sarectorarepraecepit.lnNeustriaquibusdamgaudium,

388 2028 423 2087 et
436 2015 618 2090 nonnullis
628 2040 761 2088 moeror
772 2015 918 2114 prodiit,
931 2014 1033 2113 quod
1042 2013 1279 2106 Flandrensis,
1292 2014 1448 2086 inimico·

388 2155 468 2203 rum
480 2132 571 2230 regis
583 2132 789 2223 acerrimus,
804 2133 958 2223 corruit,
974 2146 1011 2206 et
1023 2131 1288 2229 studegavensis
1299 2133 1445 2222 amicus,

387 2248 495 2318 trium
512 2247 656 2321 urbium
670 2248 726 2345 (5)
744 2247 927 2340 dominus,
944 2247 1085 2346 potenti
1100 2261 1275 2319 comnuto
1287 2247 1445 2320 adlaaesit.

437 2367 477 2434 lu
515 2378 656 2454 astate,
694 2378 776 2462 post
810 2362 988 2436 diutinam
1023 2363 1332 2462 expectationem,
1374 2376 1450 2462 post

388 2476 638 2552 multimodam
663 2492 702 2549 ut
726 2478 860 2577 perjuri
886 2479 1135 2576 resipiscerent
1158 2477 1447 2575 persuasionem,

387 2595 561 2666 Henrious
582 2619 643 2666 rex
664 2617 730 2692 per
754 2595 1014 2668 Normanniam
1031 2592 1225 2667 terribilem
1248 2591 1449 2666 discursum

387 2706 486 2792 lecit,
511 2722 547 2780 et
565 2713 716 2780 Pontem
742 2708 861 2780 Sancti
885 2710 979 2782 Petri
995 2708 1068 2805 (6),
1094 2707 1232 2805 aliaque
1253 2732 1341 2780 cum
1363 2708 1450 2780 villis

386 2819 545 2894 hostium
562 2838 676 2896 castra
695 2823 872 2915 incendit,
892 2839 928 2898 ct
944 2838 1123 2896 austerum
1145 2821 1323 2894 ultionem
1345 2846 1450 2922 super

387 2937 550 3010 inimicos
573 2952 610 3010 et
632 2952 896 3012 consentaneos
914 2962 1042 3010 eorum
1059 2938 1229 3010 exercuit.

435 3057 527 3126 XVl.
547 3052 747 3143 luterhaeo,
766 3053 996 3151 omnipotens
1013 3056 1109 3124 Deus
1131 3049 1279 3124 mirifica
1305 3053 1342 3124 iu
1364 3050 1448 3124 orbe

421 3361 462 3430 (l)
480 3359 531 3414 les
544 3357 677 3430 donjous,
692 3358 732 3414 les
743 3355 895 3413 citadelles.

420 3447 461 3518 li)
478 3445 532 3501 Par
544 3463 573 3502 ss
584 3445 686 3504 lemme
696 3443 841 3502 Adcla's'de.
854 3445 950 3516 Voyes
961 3442 1108 3514 ridemus,
1122 3451 1145 3496 t.
1156 3441 1198 3514 11,
1209 3458 1238 3515 p.
1249 3441 1298 3498 7³.

422 3536 461 3605 (3)
480 3533 799 3608 ttouueuit-t’ltrgtttter
809 3544 838 3590 et
850 3530 1022 3589 Echaulour.

423 3622 463 3694 (l)
482 3622 536 3678 Cet
552 3625 717 3678 erinement
729 3622 820 3676 arrisu
832 3620 859 3676 le
872 3621 906 3678 47
916 3620 979 3692 juin
991 3618 1156 3691 (ci-dessus,
1175 3635 1203 3692 p.
1216 3616 1282 3689 29).
1294 3617 1336 3672 Le
1347 3611 1449 3672 concile

389 3711 452 3766 etait
468 3709 542 3766 douc
552 3709 685 3766 resemble
696 3712 712 3764 a
724 3709 749 3764 la
761 3709 800 3764 liu
811 3707 846 3765 de
855 3708 929 3780 juin.
944 3708 1019 3780 Voy.
1032 3707 1067 3762 Ι).
1078 3707 1187 3774 Bessin,
1202 3705 1231 3773 I,
1245 3708 1297 3764 tt„

422 3799 463 3870 (5)
480 3795 695 3854 Pmbablement
707 3798 831 3870 Angers,
845 3794 966 3850 Sauram
977 3803 1008 3849 et
1020 3793 1123 3848 Toum.

423 3886 460 3960 (6)
474 3887 511 3942 Le
522 3884 806 3952 Pom-Saint-Pieure,
820 3882 963 3958 proprictd
974 3881 1023 3938 des
1033 3882 1177 3956 seigneurs
1188 3877 1224 3936 de
1233 3877 1371 3945 Bretenil,
1383 3874 1451 3932 dass

388 3973 414 4030 la
424 3972 509 4030 valide
522 3971 678 4029 d’Andellc.
694 3972 771 4028 Ponr
784 3971 930 4046 expliquer
942 3970 970 4027 la
982 3969 1157 4028 destruction
1173 3966 1208 4024 de
1224 3983 1255 4022 ce
1270 3965 1390 4022 chiteau
1400 3979 1452 4036 par

388 4063 478 4120 Henri
490 4063 536 4131 1«,
545 4059 566 4114 il
577 4060 637 4116 laut
648 4076 781 4134 supposer
790 4059 858 4135 qu’il
866 4059 936 4114 e'tait
947 4059 1018 4115 rests
1027 4067 1107 4113 entre
1117 4057 1157 4112 lcs
1168 4057 1257 4110 meins
1265 4050 1449 4112 d'Eustscltes

389 4149 558 4224 rependant,
570 4147 680 4203 suivant
693 4145 827 4217 Orderic,
840 4165 872 4203 ce
886 4146 1016 4220 seigneur
1029 4144 1149 4200 n’aursit
1160 4143 1292 4200 conservc'
1304 4141 1341 4198 de
1353 4137 1449 4196 l'be'r't·

390 4235 587 4312 tagnptlernel
600 4253 655 4310 que
668 4233 694 4292 le
704 4234 824 4294 chitean
833 4234 868 4290 de
879 4235 944 4290 Paci
957 4235 1030 4308 (roy.
1044 4251 1073 4306 p.
1088 4234 1160 4304 3³9).
