2888 4934
198 441 256 505 164
465 430 648 498 HISTORIA
670 431 972 497 ecclesiastici.

196 573 313 664 lirerit,
323 571 517 644 auxiliante
531 564 622 660 u'eo,
642 571 797 642 narratio
816 582 935 641 nostra
953 567 1137 640 manifeste
1154 590 1252 641 com·

196 686 375 786 probabit.
397 689 531 756 Omnes
554 684 728 756 inimicos·
742 707 824 755 suos
848 682 1020 781 sapientia
1040 675 1100 754 vel
1112 682 1254 755 fortitu·

196 802 280 874 dine
297 800 368 874 sibi
381 800 597 897 subjugavit,
620 799 757 897 sibique
771 800 968 900 servientes
984 797 1115 925 divitiis
1135 814 1171 872 et
1189 799 1254 873 ho·

196 915 344 988 neribus
373 917 623 989 remuneravit.
652 914 756 987 Unde
784 914 974 1012 plerosque
1001 912 1155 988 illustres
1185 939 1254 1015 pro

196 1035 391 1106 temeritate
408 1055 472 1105 sua
491 1031 537 1104 de
556 1031 699 1104 sublimi
717 1031 901 1130 potestatis
921 1029 1076 1103 culmine
1093 1031 1255 1129 praecipi·

195 1150 301 1238 tavit,
328 1163 364 1221 et
387 1147 601 1221 hereditario
629 1148 710 1243 jure
736 1145 1055 1245 irrecuperabiliter
1083 1144 1255 1243 spoliatos

195 1263 460 1337 condemnavit.
473 1238 1253 1357 Aliosecontra,favorabiliterilliobsequeri-

194 1393 265 1469 tes,
289 1377 335 1450 de
358 1375 506 1474 ignobili
530 1378 639 1476 stirpe
660 1376 867 1473 illustravit,
884 1374 930 1448 de
954 1374 1119 1474 pulvere,
1142 1389 1184 1447 ut
1205 1374 1254 1446 ita

194 1493 328 1584 dicam,
363 1493 503 1586 extulit,
536 1493 689 1591 dataque
720 1491 905 1593 multiplici
935 1491 1116 1582 facultate,
1146 1513 1255 1589 super

193 1607 357 1681 consules
380 1623 415 1681 ct
437 1609 587 1680 illustres
610 1607 810 1707 oppidanos
835 1607 1010 1679 exaltavit.
1035 1605 1126 1679 Inde
1147 1604 1255 1677 Gois·

192 1723 312 1851 iredps
331 1723 377 1796 de
393 1723 572 1813 clintona,
592 1717 760 1796 Radullus
774 1729 893 1795 Basset
909 1738 945 1795 et
961 1726 1064 1819 Hugo
1081 1720 1128 1792 de
1141 1725 1255 1793 Boou

191 1839 316 1929 landa,
340 1839 536 1937 Guillegrip
560 1854 595 1912 et
621 1839 804 1912 Rainerius
828 1838 875 1911 de
902 1837 1014 1930 Rada,
1041 1835 1254 1909 Guillelmus

191 1953 380 2027 Trossebot
409 1969 446 2026 et
470 1955 622 2025 Haimon
649 1952 696 2026 de
723 1952 873 2044 Falesia,
898 1953 1037 2051 Guigan
1063 1950 1194 2051 Algazo
1217 1965 1255 2025 et

192 2067 393 2142 Rodbertus
405 2069 451 2141 de
469 2073 626 2158 Bostare,
641 2068 773 2166 aliique
791 2069 910 2167 plures
925 2067 1015 2140 mihi
1029 2080 1136 2140 testes
1150 2080 1251 2156 sunt,

191 2329 225 2367 en
240 2311 283 2366 snt
300 2321 363 2366 tout
383 2310 601 2380 differemmcnt,
622 2321 650 2366 et
670 2329 725 2385 qne
742 2331 773 2368 ce
792 2314 875 2368 Lonis
888 2312 930 2368 Xl
949 2312 988 2367 ‹lu
1007 2323 1055 2370 au·
1073 2311 1156 2368 siecle
1174 2313 1255 2387 erpla

190 2399 255 2455 bien
271 2397 467 2467 crnellemcnt,
486 2400 567 2454 sinon
581 2418 631 2472 par
643 2417 685 2456 ses
697 2400 833 2469 remords,
842 2419 886 2456 'au
901 2402 992 2456 molus
1007 2419 1057 2475 par
1068 2400 1108 2456 lea
1120 2399 1254 2464 violentes

189 2489 313 2562 passione
321 2497 350 2542 et
360 2486 400 2542 les
412 2487 577 2543 terrcnrsde
585 2506 613 2543 sa
621 2488 674 2553 vie,
686 2499 778 2544 tontes
787 2487 827 2545 les
837 2490 1177 2571 prosperitesapparentes
1184 2488 1256 2546 dont

188 2578 241 2634 elle
253 2583 375 2650 rayenna
387 2576 635 2646 exte'rieurement,
649 2578 671 2631 si
685 2595 755 2632 nous
765 2595 847 2633 osons
864 2577 955 2651 parler
967 2577 1049 2646 ainsi,
1068 2595 1122 2632 aux
1133 2584 1208 2651 yen'x
1219 2576 1255 2635 tle

190 2684 232 2722 ses
245 2665 478 2739 contemporales.
495 2665 572 2720 Nous
590 2684 625 2720 ne
642 2667 769 2722 saurions
781 2685 854 2722 assez
866 2685 988 2741 engagcr
1000 2680 1068 2722 ceux
1081 2665 1117 2722 de
1132 2684 1184 2722 uos
1197 2666 1254 2724 lee-

189 2767 266 2813 tenre
276 2756 326 2830 qui
337 2754 477 2810 vondrout
490 2754 610 2828 prendre
622 2773 677 2810 une
694 2756 755 2811 ide'e
768 2766 861 2811 exacte
875 2756 910 2811 de
922 2766 994 2812 cette
1004 2757 1210 2830 contre-partic
1219 2755 1255 2813 (le

189 2863 239 2901 son
252 2845 379 2913 histoire,
393 2847 409 2898 a
422 2844 473 2898 lire
487 2863 524 2898 nn
538 2845 610 2917 petit
622 2846 705 2900 traite'
721 2846 909 2900 tres-curicus
921 2857 950 2901 et
966 2844 1050 2900 d’uue
1062 2845 1149 2900 haute
1160 2844 1253 2919 pbilo-

189 2934 296 3007 sophie,
309 2933 344 2988 de
356 2933 446 2989 Henri
459 2932 494 2988 de
506 2928 708 3006 Hnntingdon,
730 2934 821 2989 inse're
837 2938 853 2989 'a
870 2934 894 2989 la
916 2934 953 2989 tin
972 2934 1011 2990 du
1030 2935 1069 2988 11·
1088 2933 1200 2991 volume
1218 2934 1254 2992 de

189 3022 316 3094 l’Arrglio
331 3041 427 3088 sorra,
450 3040 514 3077 sous
532 3040 563 3076 ce
579 3021 668 3076 titre:
690 3022 732 3077 De
752 3025 888 3095 episcopis
904 3025 950 3078 sui
968 3026 1108 3095 temporis.
1132 3023 1208 3080 C’eat
1227 3022 1253 3079 ll

189 3110 273 3182 qu'on
289 3130 367 3166 verra
384 3112 423 3166 les
440 3113 609 3185 prosperites
626 3110 664 3165 dn
682 3129 835 3185 monarque
850 3112 966 3185 Anglais
984 3112 1174 3184 appreciecsl
1191 3111 1254 3168 leur

185 3199 261 3270 juste
271 3199 365 3254 valeur
376 3220 440 3255 avec
455 3219 510 3255 une
529 3199 634 3274 grande
649 3200 837 3272 impartialite,
856 3201 924 3256 mais
937 3219 973 3255 en
984 3201 1075 3256 meane
1087 3212 1177 3274 temps
1189 3219 1253 3259 aree

189 3307 245 3343 une
261 3288 381 3344 hauteur
399 3289 434 3343 de
451 3307 526 3356 vnes,
547 3290 596 3364 qui
615 3289 698 3344 serait
717 3289 846 3344 honneur
861 3292 876 3343 a
892 3289 1048 3344 l'historien
1066 3289 1202 3346 moderue
1216 3289 1252 3347 de

187 3374 291 3431 l'ordre
303 3375 329 3431 lc
342 3376 403 3449 plns
413 3376 496 3432 cleve.
511 3376 588 3432 Nous
597 3387 755 3450 regrettons
764 3378 901 3432 vivement
909 3396 964 3451 que
975 3376 1013 3432 les
1025 3378 1126 3433 bernes
1137 3379 1252 3435 etroioet

189 3463 258 3518 dans
269 3463 414 3538 lesquelles
426 3482 497 3520 nous
509 3481 627 3520 somnies
639 3465 733 3538 oblige
746 3464 782 3520 de
794 3484 865 3520 nous
877 3467 1040 3533 renfermer,
1054 3484 1090 3520 ne
1101 3484 1174 3521 nous
1186 3485 1252 3540 per·

191 3564 309 3608 mettent
318 3571 365 3627 pas
374 3554 508 3609 d'inserer
516 3554 550 3608 ici
560 3572 590 3608 cc
597 3554 754 3626 jugement,
764 3555 812 3628 qni
823 3553 890 3609 offre
898 3555 1023 3610 ‹l‘autant
1033 3555 1094 3627 plns
1102 3554 1250 3624 d'intcret,

191 3640 258 3715 qn’il
268 3642 312 3697 sut
323 3645 397 3696 trace
408 3641 446 3695 du
455 3642 547 3695 vivant
557 3639 622 3694 d¹un
634 3643 731 3714 prince
742 3640 904 3715 implacable
912 3642 1032 3717 dansscs
1043 3643 1254 3700 ressentiments

190 3740 287 3784 contre
298 3731 457 3804 quiconquc
471 3731 541 3785 osait
559 3739 655 3802 porter
668 3748 706 3783 un
722 3729 768 3784 ocil
784 3740 940 3784 scrutateur
956 3729 1025 3785 dans
1043 3728 1083 3785 les
1098 3740 1203 3797 secrete
1218 3729 1253 3784 ‹le

191 3835 219 3871 sa
231 3819 401 3872 conscience.
421 3820 498 3873 Nous
518 3834 588 3872 nous
602 3827 799 3872 contenterons
814 3817 876 3871 d‘cn
892 3817 963 3872 citer
980 3818 1018 3873 les
1030 3817 1156 3872 derniers
1169 3826 1252 3884 mota,

191 3906 240 3980 qui
252 3906 373 3960 forment
383 3925 420 3959 ιιιι
434 3908 456 3960 si
468 3907 597 3979 lrappant
607 3915 745 3960 contrastc
754 3923 817 3959 avec
828 3904 867 3959 les
879 3905 984 3977 paroles
994 3906 1029 3961 de
1039 3916 1120 3961 notre
1131 3917 1249 3962 auteur:

193 3994 294 4067 Nuper
307 3998 401 4067 itaque
420 3995 524 4049 videbis
541 3997 649 4049 misene
667 3997 729 4048 vitre
746 3997 876 4049 miserum
885 3997 987 4066 finem.
1002 3995 1048 4049 Un
1062 4013 1096 4048 an
1112 4013 1149 4050 ne
1160 3994 1252 4050 s’e'uit

194 4103 240 4155 pas
252 4084 360 4152 occule,
376 4101 430 4157 que
445 4083 470 4137 la
489 4094 617 4139 sentence
634 4082 669 4138 de
685 4083 839 4138 l'bistorien
856 4086 926 4139 avait
944 4102 1009 4156 recu
1023 4101 1071 4139 son
1085 4081 1251 4157 accomplis-

193 4184 307 4228 sement.
