2888 4934
548 143 668 205 tissa
688 141 932 204 musculus
1216 144 1277 204 237

216 276 436 366 bedbertus,
459 274 517 349 rel
539 275 697 351 seditiosi
718 275 973 362 condiderunt,
995 273 1217 373 prostravit(
1245 274 1273 372 ).

213 400 376 469 Fratrem
382 416 471 466 veru
479 416 598 482 suum,
609 417 656 465 ne
665 394 814 490 inquieti
821 389 889 464 sub
895 387 1015 462 auxilii
1021 389 1097 484 ejus
1104 388 1279 465 velamine

211 510 394 611 simplices
410 525 448 582 et
464 511 605 607 quietus
621 510 872 606 inquietarent,
889 508 926 578 in
941 504 1104 602 Angliam
1119 505 1227 596 misit,
1242 520 1279 579 et

216 650 314 698 mn
337 626 441 698 annis
465 626 502 696 in
527 649 668 696 carcere
695 625 865 714 servavit,
892 636 927 695 et
951 620 1118 694 omnibus
1146 622 1280 695 deliciis

216 739 442 813 abundanter
464 739 573 838 pavit.
600 745 678 837 lpse
702 740 837 812 interea
860 739 1029 811 ducatum
1054 738 1280 810 Normanuiae

217 878 299 926 cum
311 876 423 950 regno
436 853 569 952 Angliae
582 854 719 926 fortiter
730 853 954 950 gubernavit,
969 867 1004 924 et
1016 876 1129 948 usque
1141 851 1187 924 ad
1200 852 1280 924 ritae

218 992 288 1040 suas
303 967 412 1041 finem
431 994 572 1068 semper
594 969 674 1067 paci
693 967 848 1056 studuit,
874 983 1000 1064 atque,
1020 967 1095 1062 jugi
1119 965 1281 1039 felicitate

218 1087 349 1183 potitus
376 1099 415 1157 ut
436 1084 568 1175 voluit,
594 1109 780 1182 nunquam
798 1107 818 1155 a
836 1084 987 1181 pristino
1007 1081 1156 1170 robore,
1178 1081 1280 1178 justi·

219 1200 344 1296 tiaeque
365 1200 551 1272 severitate
581 1199 726 1272 decidit.
751 1199 919 1295 Egregios
941 1198 1091 1268 comites
1112 1210 1148 1269 et
1177 1197 1280 1295 oppi-

219 1313 330 1387 danus
356 1330 393 1386 et
421 1314 575 1387 audaces
600 1331 790 1412 tyrannos,
816 1340 863 1386 ne
891 1313 1124 1401 rebellarent,
1154 1312 1280 1386 callide

218 1431 411 1529 oppressit3
443 1430 603 1528 placidos
628 1457 714 1504 vero
742 1447 777 1503 et
807 1431 1009 1527 religiosos,
1037 1428 1280 1527 humilemque

217 1546 392 1644 populum
417 1548 517 1618 omni
542 1561 703 1645 tempore
732 1546 927 1618 clementer
953 1545 1041 1617 fovit
1063 1559 1172 1642 atque
1194 1567 1279 1642 pro·

218 1660 315 1730 texit.
351 1658 592 1732 Confirmatus
620 1661 657 1730 in
693 1661 832 1757 lastigio
863 1661 952 1731 citra
985 1682 1084 1731 mare
1119 1673 1155 1730 et
1189 1657 1281 1730 ultra

218 1780 292 1845 vm·
304 1798 402 1847 anno
424 1799 467 1845 ex
484 1799 558 1872 quo
581 1801 729 1873 regnare
749 1777 856 1874 coepit
873 1775 948 1871 (2),
967 1797 1093 1873 pacem
1114 1772 1281 1870 subjectis

217 1890 381 1988 plebibus
402 1917 543 1992 semper
568 1895 744 1992 quaesivit,
771 1909 807 1965 et
828 1893 977 1965 austeris
998 1891 1136 1990 legibus
1161 1892 1280 1989 legum

218 2021 492 2104 transgressores
526 2009 639 2107 rigide
670 2010 845 2083 multavit.
880 2009 1037 2099 Divitiis,
1075 2008 1281 2106 deliciisque

218 2121 382 2212 affluens,
405 2123 511 2195 nimis
536 2124 677 2198 deditus
704 2126 787 2215 luit,
814 2140 850 2197 et
874 2148 895 2196 a
916 2125 1067 2224 pueritia
1093 2150 1207 2223 usquc
1233 2124 1280 2196 ad

218 2253 436 2312 senectutem
448 2240 532 2312 huic
544 2240 697 2338 vitiot3)
708 2240 933 2340 culpabiliter
942 2239 1130 2336 subjacuit,
1146 2239 1281 2313 etlilios

248 2544 288 2616 (l)
307 2544 384 2601 Puur
393 2545 460 2601 bien
472 2547 659 2620 comprendre
671 2566 702 2603 ce
715 2566 838 2622 passage,
853 2548 873 2603 il
889 2549 951 2604 laut
963 2567 992 2604 se
1006 2559 1136 2623 reportet·
1149 2552 1165 2602 l
1178 2565 1211 2602 ce
1223 2565 1280 2623 que

218 2641 296 2687 autre
310 2642 412 2689 auteur
430 2652 527 2690 nousa
540 2632 583 2691 dit
594 2635 748 2708 ci·dessus,
762 2635 782 2691 l.
799 2637 887 2705 Vlll,
904 2647 926 2694 t.
939 2638 998 2706 111,
1013 2657 1043 2712 p.
1057 2640 1110 2697 26⁰
1123 2647 1153 2692 et
1165 2639 1230 2704 26⁴,
1244 2635 1280 2691 de

217 2719 240 2777 le
256 2722 411 2779 multitude
425 2723 461 2780 de
477 2724 614 2780 chiteaux
632 2725 721 2780 eleves
735 2725 925 2799 illegalement
944 2745 996 2800 par
1016 2726 1041 2780 le
1061 2725 1188 2782 ueblesse
1204 2726 1279 2782 Nor·

217 2809 331 2879 nunde,
347 2812 465 2869 suasitdt
476 2813 579 2888 qu’elle
591 2832 626 2869 ue
643 2831 672 2869 se
686 2814 773 2870 sentit
786 2815 850 2887 plns
863 2816 1035 2888 comprimes
1048 2833 1099 2888 par
1110 2814 1136 2868 la
1147 2808 1232 2889 vergo
1244 2814 1280 2870 de

216 2894 256 2952 ier
271 2900 308 2954 de
324 2898 736 2977 Guilhumele-Cunqnerant.
756 2902 835 2958 Ceus
851 2903 945 2959 deses
961 2903 1102 2959 membres
1117 2904 1168 2978 qui
1183 2905 1280 2977 poese-

215 2983 309 3043 &tent
320 2985 462 3044 d'auciens
472 2990 608 3046 cbdteaux
620 3009 656 3046 en
669 2991 848 3063 expulserent
860 2994 876 3046 l
887 2991 912 3046 la
927 2991 1018 3047 meme
1029 2994 1139 3067 epuque
1153 2992 1193 3047 les
1204 2992 1281 3066 eapi-

216 3072 303 3129 hiues
317 3083 349 3129 et
363 3073 403 3130 lea
421 3076 567 3149 gemiscas
583 3079 633 3152 qui
653 3078 693 3133 les
710 3078 878 3151 occupaieut
890 3095 926 3135 an
942 3096 1009 3134 nom
1022 3078 1063 3133 du
1078 3078 1148 3146 duc,
1166 3087 1196 3134 et
1211 3097 1229 3152 y
1245 3097 1279 3134 en

215 3159 495 3219 &blitentd’antres
503 3182 575 3238 pour
585 3165 648 3219 leur
655 3183 759 3239 propre
767 3177 888 3239 compte.
898 3167 973 3224 C'est
981 3171 997 3221 l
1006 3178 1070 3224 tuus
1078 3185 1125 3223 ces
1135 3167 1281 3223 desurdrss

216 3260 269 3318 qus
277 3248 367 3305 lleuri
377 3269 406 3307 aa
414 3253 523 3308 bltade
533 3265 633 3309 mettre
645 3253 790 3310 fin.-Par
796 3254 966 3326 Radbertus,
975 3269 1058 3313 notre
1067 3267 1168 3312 auteur
1174 3256 1280 3313 entend

216 3331 252 3387 ici
265 3332 376 3390 Rebert
388 3338 424 3390 de
436 3340 572 3411 Belldme,
585 3341 656 3397 dont
669 3342 689 3397 il
700 3354 743 3398 est
755 3342 833 3416 paule
844 3344 914 3399 dans
925 3345 950 3400 la
963 3346 1065 3419 phrase
1077 3346 1257 3419 precedente.

250 3421 293 3494 (2)
311 3422 401 3481 Nou-e
412 3437 513 3482 auteur
525 3429 595 3484 n’est
607 3448 655 3502 pas
669 3430 731 3504 plus
743 3442 823 3486 exact
836 3433 873 3488 ici
885 3434 954 3488 dans
966 3450 1009 3488 ses
1022 3433 1124 3488 calcula
1137 3435 1201 3508 qu'l
1214 3433 1280 3488 l'ur·

218 3508 334 3569 diuairc.
348 3513 426 3569 Neue
439 3534 523 3571 aruns
532 3517 596 3589 deja
608 3519 658 3574 luit
675 3538 839 3594 remarquer
850 3522 1002 3590 uidemus,
1016 3541 1045 3595 p.
1061 3527 1112 3594 98,
1126 3521 1280 3577 l'inexacti·

219 3598 285 3655 tede
295 3599 333 3657 de
344 3601 469 3659 celui-ci.

249 3690 291 3759 (ὃ)
308 3689 430 3746 Orderic
446 3694 536 3747 aurait
554 3713 593 3766 pu
611 3696 700 3751 ecrire
718 3715 754 3752 en
774 3706 855 3753 toute
867 3695 961 3753 aurete
977 3696 1013 3752 de
1031 3698 1192 3753 conscience
1206 3719 1212 3749 =
1226 3695 1281 3752 llis

222 3778 305 3855 tilitas
323 3796 371 3833 car
387 3779 511 3836 l'ararice
524 3782 568 3837 lut
579 3783 637 3838 l’nn
651 3784 700 3839 des
714 3784 823 3841 desauts
835 3785 872 3840 de
884 3803 934 3841 sou
949 3787 1088 3841 summere
1104 3785 1143 3839 les
1156 3784 1219 3858 plus
1229 3801 1280 3838 en·

223 3865 324 3920 redum
336 3877 364 3920 et
376 3866 414 3920 les
426 3867 488 3939 plus
500 3869 609 3924 odieux.
623 3872 647 3925 ll
660 3872 772 3928 veudait
783 3884 846 3928 tout
858 3877 872 3927 a
885 3873 973 3928 beaux
986 3873 1096 3928 deniers
1110 3881 1279 3945 complanta,
