2888 4934
228 420 287 489 176
503 420 687 488 ursionis
709 416 1014 489 occursusa‘rcu
1176 425 1285 514 [noaj

227 585 294 656 geu
308 560 340 655 (l
349 558 364 656 )
374 558 598 658 pertransire,
615 575 650 631 ct
659 558 948 639 scrobesburiam
958 560 1096 651 urbem,
1111 562 1149 633 iu
1162 578 1286 641 monte

225 676 346 763 sitam,
367 674 546 763 obsidere,
567 701 646 773 quae
662 676 699 747 in
718 644 826 748 teinis
849 674 1016 749 lateribus
1039 677 1286 753 circumluitur

225 791 373 871 Sabrina
380 792 538 864 flumine.
553 793 654 889 Angli
666 794 799 892 quippe
811 792 1003 890 quemdam
1018 794 1207 870 transitum
1219 814 1285 897 pet

225 906 349 980 silvam
365 908 479 979 Huvel
494 913 615 1007 Hagen
630 907 770 998 dicunt,
789 932 897 1005 quem
914 910 1026 980 Latini
1044 912 1184 987 Malum
1202 914 1285 987 cala

226 1023 310 1110 lem,
342 1023 399 1096 vel
426 1027 565 1125 Vicum,
596 1047 806 1121 nuncupare
828 1038 991 1122 possunt
1016 1026 1081 1096 Via
1098 1027 1196 1099 enim
1220 1052 1285 1128 per

225 1138 320 1210 mille
336 1162 462 1238 passus
477 1153 551 1211 erat
565 1160 669 1229 cava,
685 1138 878 1235 grandibus
895 1140 986 1221 sanis
1001 1162 1142 1238 aspera,
1163 1143 1285 1217 urim

222 1278 380 1350 quoque,
401 1280 479 1351 quae
491 1255 550 1337 vix
567 1253 658 1325 duos
676 1254 808 1351 pariter
825 1255 1022 1351 equitantes
1038 1272 1167 1354 capere
1186 1256 1282 1332 vale*

221 1369 300 1458 bat3
327 1371 385 1441 cui
407 1394 561 1469 opacum
584 1393 711 1441 nemus
734 1394 776 1442 ex
798 1383 947 1468 utraque
969 1384 1068 1468 parte
1086 1370 1283 1445 obumbra·

221 1484 299 1574 bat,
319 1486 355 1556 in
375 1492 449 1582 quo
465 1485 632 1581 sagittarii
651 1466 920 1575 delitescebant,
939 1501 975 1557 et
991 1484 1150 1558 stridulis
1166 1488 1282 1560 missi·

221 1600 313 1672 libus
330 1600 385 1674 vel
401 1601 533 1698 sagittis
551 1610 802 1699 praetereuntes
819 1599 936 1672 subito
953 1600 1164 1673 multabant.
1183 1607 1282 1677 'lunc

219 1717 430 1816 plusquam
455 1743 500 1788 nx
526 1716 636 1788 millia
661 1715 822 1814 peditum
847 1731 949 1787 erant
973 1717 1024 1791 in
1034 1715 1279 1815 expeditione,

219 1832 348 1931 quibus
356 1858 418 1906 rex
427 1833 531 1930 jussit
542 1832 664 1904 silvam
679 1829 860 1904 securibus
872 1831 1076 1929 praecidere,
1092 1846 1128 1904 ct
1139 1832 1282 1932 amplis

219 1952 345 2023 simam
362 1963 506 2021 stratam
522 1948 589 2019 sibi
614 1963 648 2019 et
671 1947 807 2018 cunctis
833 1947 1097 2019 transeuntibus
1115 1949 1281 2046 usquein

219 2079 389 2137 aeternum
412 2086 622 2161 praeparare.
651 2061 757 2157 Regia
776 2060 889 2156 jussio
909 2061 1078 2133 velociter
1101 2062 1281 2162 completo

219 2194 288 2269 est,
306 2179 468 2275 saltuque
485 2176 714 2274 complanato
727 2164 915 2248 latissimus
930 2191 1060 2250 trames
1076 2201 1098 2250 a
1116 2178 1279 2253 multitu·

219 2292 302 2364 dine
319 2292 521 2389 adaequatus
540 2307 604 2364 est.

267 2408 328 2478 His
350 2407 496 2497 auditis,
526 2405 726 2478 Rodbertus
752 2407 950 2480 admodum
975 2411 1117 2483 territus
1146 2424 1218 2500 est,
1245 2424 1282 2484 et

218 2522 377 2621 undique
390 2522 586 2595 infortunio
603 2523 884 2595 circumventum
903 2549 941 2596 so
955 2524 1092 2611 videns,
1112 2523 1280 2596 humilia·

219 2653 275 2710 tus
288 2654 353 2729 est,
370 2639 563 2736 invictique
574 2640 667 2736 regis
677 2638 901 2711 clementiam
917 2639 1116 2739 supplicare
1133 2654 1279 2723 coactus

217 2770 281 2827 est.
307 2757 457 2826 Severus
482 2767 646 2826 econtra
671 2779 749 2843 rex,
775 2780 915 2827 memor
935 2756 1162 2852 injuriarum,
1195 2774 1279 2829 oum

216 2873 367 2969 pugnaci
390 2870 616 2943 multitudine
637 2869 793 2942 decrevit
814 2871 915 2942 illum
937 2873 1128 2969 impetere,
1154 2895 1224 2944 nec
1246 2871 1278 2943 ei

217 2986 404 3077 ullatenus,
417 2988 484 3058 nisi
496 2988 630 3059 victum
641 3010 677 3057 se
688 2985 866 3075 redderet,
880 3011 1037 3085 parcere.
1055 2987 1117 3058 llle
1131 2987 1278 3061 tandem

217 3103 322 3172 tristis
341 3127 442 3174 casus
461 3105 514 3174 sui
534 3126 667 3198 angore
686 3101 884 3192 contabuit,
907 3119 942 3173 et
960 3102 1124 3174 consultu
1142 3102 1277 3175 amioo⁶

216 3240 309 3305 rum,
319 3217 404 3312 regi,
414 3218 488 3312 jam
497 3242 610 3315 prope
617 3216 743 3288 urbem
753 3218 922 3305 venienti,
933 3216 1076 3290 obviam
1089 3218 1276 3315 prooessit,

215 3346 250 3401 et
272 3331 407 3402 crimen
428 3331 642 3427 proditionis
662 3329 863 3420 coufessus,
889 3331 1005 3403 claves
1030 3332 1128 3402 urbis
1149 3333 1277 3404 victori

216 3447 386 3519 exhibuit.
422 3453 494 3519 Rex
523 3449 642 3546 itaque
678 3463 792 3520 totum
824 3448 1003 3521 honorem
1038 3448 1210 3522 liodberti
1240 3462 1277 3521 et

214 3563 403 3635 hominum
417 3565 505 3659 ejus,
526 3565 587 3661 qui
605 3589 689 3635 cum
702 3564 764 3635 illo
777 3565 812 3635 iu
828 3564 1021 3637 rebellione
1035 3566 1273 3664 perstiterant,

215 3678 390 3777 possedit,
418 3681 606 3778 ipsumque
632 3705 715 3750 cum
737 3681 838 3776 equis
861 3695 896 3751 et
921 3682 1027 3752 armis
1054 3678 1275 3753 incolumem

248 3912 287 3980 (l)
302 3911 337 3963 La
350 3908 509 3962 traduction
520 3906 640 3962 litterale
651 3906 686 3960 de
699 3924 743 3961 ces
755 3906 827 3961 deux
839 3917 912 3961 mots
924 3925 960 3960 eu
971 3906 1077 3979 anglais
1087 3905 1178 3960 actuol
1189 3906 1277 3961 serait

214 3997 410 4070 Evil-Iledge:
427 3997 563 4051 Mauvaisc
576 3995 654 4050 llaie.
669 3995 914 4067 L’interpre'tation
925 3995 1007 4069 qu'en
1022 3994 1115 4048 donne
1128 4003 1210 4047 notre
1222 4010 1274 4071 au·

215 4099 277 4141 tour
289 4085 421 4161 quelques
433 4085 521 4156 lignes
533 4083 595 4156 plus
605 4083 653 4136 bas
666 4108 670 4134 ι
687 4083 808 4139 biauvais
821 4083 952 4151 Cbemin,
967 4082 1104 4137 lllauvaise
1116 4079 1189 4148 Rue,
1202 4079 1275 4133 n’est

214 4175 285 4229 douc
299 4193 346 4247 pas
360 4170 557 4228 suffisamruent
569 4181 671 4226 exacte.
