<?xml version="1.0" encoding="UTF-8"?>
<!DOCTYPE html PUBLIC "-//W3C//DTD XHTML 1.0 Transitional//EN"
    "http://www.w3.org/TR/xhtml1/DTD/xhtml1-transitional.dtd">
<html xmlns="http://www.w3.org/1999/xhtml" xml:lang="en" lang="en">
 <head>
  <title>
</title>
<meta http-equiv="Content-Type" content="text/html;charset=utf-8" />
  <meta name='ocr-system' content='tesseract 3.04.00' />
  <meta name='ocr-capabilities' content='ocr_page ocr_carea ocr_par ocr_line ocrx_word'/>
</head>
<body>
  <div class='ocr_page' id='page_1' title='image "./ordericivitalis07deligoog/ordericivitalis07deligoog_0095.png"; bbox 0 0 3178 5052; ppageno 0'>
   <div class='ocr_carea' id='block_1_1' title="bbox 344 461 1134 526">
    <p class='ocr_par' dir='ltr' id='par_1_1' title="bbox 344 461 1134 526">
     <span class='ocr_line' id='line_1_1' title="bbox 344 461 1134 526; baseline -0.005 -1"><span class='ocrx_word' id='word_1_1' title='bbox 344 467 382 526; x_wconf 80' lang='lat' dir='ltr'><strong>tt</strong></span> <span class='ocrx_word' id='word_1_2' title='bbox 619 461 804 524; x_wconf 77' lang='lat' dir='ltr'>HISTORIA</span> <span class='ocrx_word' id='word_1_3' title='bbox 827 461 1134 524; x_wconf 77' lang='lat' dir='ltr'><strong>EchEsttsttct.</strong></span> 
     </span>
    </p>
   </div>
   <div class='ocr_carea' id='block_1_2' title="bbox 289 594 1407 3115">
    <p class='ocr_par' dir='ltr' id='par_1_2' title="bbox 289 594 1407 2421">
     <span class='ocr_line' id='line_1_2' title="bbox 342 594 1404 695; baseline 0.003 -28"><span class='ocrx_word' id='word_1_4' title='bbox 342 595 559 670; x_wconf 77' lang='lat' dir='ltr'><strong>facinoribus</strong></span> <span class='ocrx_word' id='word_1_5' title='bbox 575 594 768 684; x_wconf 82' lang='lat' dir='ltr'><strong>infestaret,</strong></span> <span class='ocrx_word' id='word_1_6' title='bbox 783 594 952 669; x_wconf 80' lang='lat' dir='ltr'><strong>decoram</strong></span> <span class='ocrx_word' id='word_1_7' title='bbox 969 594 1135 695; x_wconf 83' lang='lat' dir='ltr'>pellicem</span> <span class='ocrx_word' id='word_1_8' title='bbox 1148 595 1204 693; x_wconf 83' lang='lat' dir='ltr'><strong>(t)</strong></span> <span class='ocrx_word' id='word_1_9' title='bbox 1218 597 1404 693; x_wconf 86' lang='lat' dir='ltr'><strong>cujusdam</strong></span> 
     </span>
     <span class='ocr_line' id='line_1_3' title="bbox 341 708 1407 809; baseline 0.003 -27"><span class='ocrx_word' id='word_1_10' title='bbox 341 712 435 782; x_wconf 89' lang='lat' dir='ltr'><strong>senis</strong></span> <span class='ocrx_word' id='word_1_11' title='bbox 452 710 648 809; x_wconf 87' lang='lat' dir='ltr'><strong>presbyteri</strong></span> <span class='ocrx_word' id='word_1_12' title='bbox 662 711 698 782; x_wconf 88' lang='lat' dir='ltr'><strong>in</strong></span> <span class='ocrx_word' id='word_1_13' title='bbox 720 708 880 782; x_wconf 87' lang='lat' dir='ltr'><strong>confinio</strong></span> <span class='ocrx_word' id='word_1_14' title='bbox 898 711 1053 783; x_wconf 77' lang='lat' dir='ltr'><strong>Franciae</strong></span> <span class='ocrx_word' id='word_1_15' title='bbox 1069 710 1124 807; x_wconf 79' lang='lat'><strong>(2)</strong></span> <span class='ocrx_word' id='word_1_16' title='bbox 1149 709 1350 802; x_wconf 83' lang='lat' dir='ltr'><strong>adamavit,</strong></span> <span class='ocrx_word' id='word_1_17' title='bbox 1369 727 1407 785; x_wconf 89' lang='lat' dir='ltr'><strong>et</strong></span> 
     </span>
     <span class='ocr_line' id='line_1_4' title="bbox 342 823 1401 926; baseline 0.001 -28"><span class='ocrx_word' id='word_1_18' title='bbox 342 852 384 898; x_wconf 89' lang='lat' dir='ltr'><strong>ex</strong></span> <span class='ocrx_word' id='word_1_19' title='bbox 403 823 647 899; x_wconf 84' lang='lat' dir='ltr'><strong>eaduosfrlios</strong></span> <span class='ocrx_word' id='word_1_20' title='bbox 663 854 671 898; x_wconf 74' lang='grc' dir='ltr'>ε</span> <span class='ocrx_word' id='word_1_21' title='bbox 688 826 879 898; x_wconf 86' lang='lat' dir='ltr'><strong>Ricardum</strong></span> <span class='ocrx_word' id='word_1_22' title='bbox 892 841 928 898; x_wconf 90' lang='lat' dir='ltr'><strong>et</strong></span> <span class='ocrx_word' id='word_1_23' title='bbox 945 825 1189 917; x_wconf 91' lang='lat' dir='ltr'><strong>Guillelmum,</strong></span> <span class='ocrx_word' id='word_1_24' title='bbox 1209 830 1401 926; x_wconf 86' lang='lat' dir='ltr'><strong>generavit.</strong></span> 
     </span>
     <span class='ocr_line' id='line_1_5' title="bbox 342 941 1405 1040; baseline 0.003 -28"><span class='ocrx_word' id='word_1_25' title='bbox 342 942 403 1012; x_wconf 92' lang='lat' dir='ltr'><strong>llla</strong></span> <span class='ocrx_word' id='word_1_26' title='bbox 432 941 562 1012; x_wconf 85' lang='lat' dir='ltr'><strong>deinde</strong></span> <span class='ocrx_word' id='word_1_27' title='bbox 590 966 654 1039; x_wconf 89' lang='lat' dir='ltr'><strong>per</strong></span> <span class='ocrx_word' id='word_1_28' title='bbox 688 941 836 1038; x_wconf 91' lang='lat' dir='ltr'><strong>longum</strong></span> <span class='ocrx_word' id='word_1_29' title='bbox 862 956 1003 1039; x_wconf 90' lang='lat' dir='ltr'><strong>tempus</strong></span> <span class='ocrx_word' id='word_1_30' title='bbox 1032 941 1185 1013; x_wconf 78' lang='lat' dir='ltr'><strong>infantes</strong></span> <span class='ocrx_word' id='word_1_31' title='bbox 1218 941 1405 1040; x_wconf 80' lang='lat' dir='ltr'><strong>diligenter</strong></span> 
     </span>
     <span class='ocr_line' id='line_1_6' title="bbox 341 1055 1404 1153; baseline 0.004 -26"><span class='ocrx_word' id='word_1_32' title='bbox 341 1057 525 1144; x_wconf 88' lang='lat' dir='ltr'><strong>enutrivit,</strong></span> <span class='ocrx_word' id='word_1_33' title='bbox 544 1056 689 1153; x_wconf 89' lang='lat' dir='ltr'><strong>jamque</strong></span> <span class='ocrx_word' id='word_1_34' title='bbox 708 1055 850 1128; x_wconf 91' lang='lat' dir='ltr'><strong>adultos</strong></span> <span class='ocrx_word' id='word_1_35' title='bbox 872 1057 909 1128; x_wconf 90' lang='lat' dir='ltr'><strong>in</strong></span> <span class='ocrx_word' id='word_1_36' title='bbox 928 1057 1091 1128; x_wconf 88' lang='lat' dir='ltr'><strong>Neustria</strong></span> <span class='ocrx_word' id='word_1_37' title='bbox 1107 1055 1191 1129; x_wconf 90' lang='lat' dir='ltr'><strong>duci</strong></span> <span class='ocrx_word' id='word_1_38' title='bbox 1208 1055 1301 1130; x_wconf 87' lang='lat' dir='ltr'><strong>filios</strong></span> <span class='ocrx_word' id='word_1_39' title='bbox 1318 1082 1404 1131; x_wconf 91' lang='lat' dir='ltr'><strong>suos</strong></span> 
     </span>
     <span class='ocr_line' id='line_1_7' title="bbox 340 1170 1404 1268; baseline 0.002 -24"><span class='ocrx_word' id='word_1_40' title='bbox 340 1171 499 1244; x_wconf 81' lang='lat' dir='ltr'><strong>exhibuit</strong></span> <span class='ocrx_word' id='word_1_41' title='bbox 511 1227 521 1258; x_wconf 91' lang='lat'><strong>,</strong></span> <span class='ocrx_word' id='word_1_42' title='bbox 532 1186 567 1242; x_wconf 92' lang='lat' dir='ltr'><strong>et</strong></span> <span class='ocrx_word' id='word_1_43' title='bbox 579 1172 764 1243; x_wconf 89' lang='lat' dir='ltr'><strong>notissima</strong></span> <span class='ocrx_word' id='word_1_44' title='bbox 778 1172 811 1242; x_wconf 90' lang='lat' dir='ltr'><strong>ei</strong></span> <span class='ocrx_word' id='word_1_45' title='bbox 819 1172 919 1268; x_wconf 88' lang='lat' dir='ltr'><strong>signa</strong></span> <span class='ocrx_word' id='word_1_46' title='bbox 932 1170 978 1242; x_wconf 91' lang='lat' dir='ltr'><strong>de</strong></span> <span class='ocrx_word' id='word_1_47' title='bbox 986 1171 1156 1268; x_wconf 89' lang='lat' dir='ltr'><strong>peculiari</strong></span> <span class='ocrx_word' id='word_1_48' title='bbox 1168 1172 1404 1246; x_wconf 80' lang='lat' dir='ltr'><strong>familiaritate</strong></span> 
     </span>
     <span class='ocr_line' id='line_1_8' title="bbox 335 1286 1405 1384; baseline 0.002 -26"><span class='ocrx_word' id='word_1_49' title='bbox 335 1287 534 1383; x_wconf 87' lang='lat' dir='ltr'><strong>juventutis</strong></span> <span class='ocrx_word' id='word_1_50' title='bbox 547 1311 618 1356; x_wconf 89' lang='lat' dir='ltr'><strong>suae</strong></span> <span class='ocrx_word' id='word_1_51' title='bbox 628 1286 791 1359; x_wconf 86' lang='lat' dir='ltr'><strong>recoluit.</strong></span> <span class='ocrx_word' id='word_1_52' title='bbox 807 1291 848 1358; x_wconf 86' lang='lat' dir='ltr'><strong>Et</strong></span> <span class='ocrx_word' id='word_1_53' title='bbox 864 1287 947 1383; x_wconf 88' lang='lat' dir='ltr'><strong>quia</strong></span> <span class='ocrx_word' id='word_1_54' title='bbox 960 1286 1018 1356; x_wconf 89' lang='lat' dir='ltr'><strong>ille</strong></span> <span class='ocrx_word' id='word_1_55' title='bbox 1033 1286 1162 1384; x_wconf 89' lang='lat' dir='ltr'><strong>partim</strong></span> <span class='ocrx_word' id='word_1_56' title='bbox 1175 1311 1405 1384; x_wconf 88' lang='lat' dir='ltr'><strong>recognosce·</strong></span> 
     </span>
     <span class='ocr_line' id='line_1_9' title="bbox 338 1399 1403 1501; baseline -0.001 -28"><span class='ocrx_word' id='word_1_57' title='bbox 338 1403 421 1490; x_wconf 91' lang='lat' dir='ltr'><strong>hat,</strong></span> <span class='ocrx_word' id='word_1_58' title='bbox 439 1400 576 1501; x_wconf 91' lang='lat' dir='ltr'><strong>prolem</strong></span> <span class='ocrx_word' id='word_1_59' title='bbox 596 1416 715 1473; x_wconf 90' lang='lat' dir='ltr'><strong>tamen</strong></span> <span class='ocrx_word' id='word_1_60' title='bbox 730 1426 831 1472; x_wconf 89' lang='lat' dir='ltr'><strong>suam</strong></span> <span class='ocrx_word' id='word_1_61' title='bbox 843 1426 1060 1497; x_wconf 81' lang='lat' dir='ltr'><strong>cognoscere</strong></span> <span class='ocrx_word' id='word_1_62' title='bbox 1075 1399 1283 1490; x_wconf 87' lang='lat' dir='ltr'><strong>dubitabat,</strong></span> <span class='ocrx_word' id='word_1_63' title='bbox 1304 1403 1403 1500; x_wconf 87' lang='lat' dir='ltr'><strong>geni-</strong></span> 
     </span>
     <span class='ocr_line' id='line_1_10' title="bbox 339 1515 1404 1614; baseline 0 -26"><span class='ocrx_word' id='word_1_64' title='bbox 339 1518 406 1588; x_wconf 86' lang='lat' dir='ltr'><strong>trix</strong></span> <span class='ocrx_word' id='word_1_65' title='bbox 429 1515 642 1588; x_wconf 89' lang='lat' dir='ltr'><strong>candentem</strong></span> <span class='ocrx_word' id='word_1_66' title='bbox 668 1515 856 1613; x_wconf 86' lang='lat' dir='ltr'><strong>chalybem</strong></span> <span class='ocrx_word' id='word_1_67' title='bbox 882 1515 1067 1586; x_wconf 82' lang='lat' dir='ltr'><strong>manifeste</strong></span> <span class='ocrx_word' id='word_1_68' title='bbox 1089 1517 1263 1614; x_wconf 85' lang='lat' dir='ltr'><strong>portavit,</strong></span> <span class='ocrx_word' id='word_1_69' title='bbox 1283 1530 1336 1606; x_wconf 92' lang='lat' dir='ltr'><strong>et,</strong></span> <span class='ocrx_word' id='word_1_70' title='bbox 1357 1515 1404 1588; x_wconf 91' lang='lat' dir='ltr'><strong>ab</strong></span> 
     </span>
     <span class='ocr_line' id='line_1_11' title="bbox 338 1630 1403 1730; baseline -0.001 -25"><span class='ocrx_word' id='word_1_71' title='bbox 338 1635 440 1706; x_wconf 75' lang='lat' dir='ltr'><strong>orarii</strong></span> <span class='ocrx_word' id='word_1_72' title='bbox 450 1634 636 1705; x_wconf 87' lang='lat' dir='ltr'><strong>adustione</strong></span> <span class='ocrx_word' id='word_1_73' title='bbox 649 1632 769 1720; x_wconf 75' lang='lat' dir='ltr'><strong>illaesa,</strong></span> <span class='ocrx_word' id='word_1_74' title='bbox 785 1631 830 1703; x_wconf 89' lang='lat' dir='ltr'><strong>de</strong></span> <span class='ocrx_word' id='word_1_75' title='bbox 842 1630 917 1703; x_wconf 87' lang='lat' dir='ltr'><strong>filio</strong></span> <span class='ocrx_word' id='word_1_76' title='bbox 931 1633 1022 1728; x_wconf 87' lang='lat' dir='ltr'><strong>regis</strong></span> <span class='ocrx_word' id='word_1_77' title='bbox 1035 1657 1074 1704; x_wconf 89' lang='lat' dir='ltr'><strong>se</strong></span> <span class='ocrx_word' id='word_1_78' title='bbox 1087 1633 1295 1730; x_wconf 89' lang='lat' dir='ltr'><strong>concepisse</strong></span> <span class='ocrx_word' id='word_1_79' title='bbox 1303 1656 1403 1704; x_wconf 89' lang='lat' dir='ltr'><strong>com·</strong></span> 
     </span>
     <span class='ocr_line' id='line_1_12' title="bbox 338 1745 1405 1848; baseline -0.001 -29"><span class='ocrx_word' id='word_1_80' title='bbox 338 1747 517 1848; x_wconf 84' lang='lat' dir='ltr'><strong>probavit.</strong></span> <span class='ocrx_word' id='word_1_81' title='bbox 540 1749 599 1818; x_wconf 89' lang='lat' dir='ltr'><strong>lsti</strong></span> <span class='ocrx_word' id='word_1_82' title='bbox 621 1746 800 1846; x_wconf 90' lang='lat' dir='ltr'><strong>siquidem</strong></span> <span class='ocrx_word' id='word_1_83' title='bbox 819 1745 893 1818; x_wconf 92' lang='lat' dir='ltr'><strong>duo</strong></span> <span class='ocrx_word' id='word_1_84' title='bbox 918 1747 1041 1818; x_wconf 81' lang='lat' dir='ltr'><strong>fratres</strong></span> <span class='ocrx_word' id='word_1_85' title='bbox 1062 1746 1168 1844; x_wconf 89' lang='lat' dir='ltr'><strong>probi</strong></span> <span class='ocrx_word' id='word_1_86' title='bbox 1185 1760 1221 1818; x_wconf 90' lang='lat' dir='ltr'><strong>et</strong></span> <span class='ocrx_word' id='word_1_87' title='bbox 1236 1745 1405 1820; x_wconf 87' lang='lat' dir='ltr'><strong>amabiles</strong></span> 
     </span>
     <span class='ocr_line' id='line_1_13' title="bbox 339 1862 1403 1959; baseline 0 -23"><span class='ocrx_word' id='word_1_88' title='bbox 339 1866 505 1949; x_wconf 85' lang='lat' dir='ltr'><strong>luerunt,</strong></span> <span class='ocrx_word' id='word_1_89' title='bbox 526 1863 590 1934; x_wconf 85' lang='lat' dir='ltr'><strong>sed</strong></span> <span class='ocrx_word' id='word_1_90' title='bbox 603 1864 640 1934; x_wconf 91' lang='lat' dir='ltr'><strong>in</strong></span> <span class='ocrx_word' id='word_1_91' title='bbox 659 1877 844 1934; x_wconf 89' lang='lat' dir='ltr'><strong>momento</strong></span> <span class='ocrx_word' id='word_1_92' title='bbox 861 1863 963 1959; x_wconf 91' lang='lat' dir='ltr'><strong>quasi</strong></span> <span class='ocrx_word' id='word_1_93' title='bbox 977 1862 1044 1932; x_wconf 86' lang='lat' dir='ltr'><strong>flos</strong></span> <span class='ocrx_word' id='word_1_94' title='bbox 1057 1863 1142 1934; x_wconf 82' lang='lat' dir='ltr'><strong>soeni</strong></span> <span class='ocrx_word' id='word_1_95' title='bbox 1156 1862 1228 1934; x_wconf 91' lang='lat' dir='ltr'><strong>cito</strong></span> <span class='ocrx_word' id='word_1_96' title='bbox 1245 1886 1403 1936; x_wconf 89' lang='lat' dir='ltr'><strong>marcue-</strong></span> 
     </span>
     <span class='ocr_line' id='line_1_14' title="bbox 289 1976 1405 2074; baseline 0 -24"><span class='ocrx_word' id='word_1_97' title='bbox 289 2069 292 2074; x_wconf 86' lang='lat'>.</span> <span class='ocrx_word' id='word_1_98' title='bbox 338 1994 444 2050; x_wconf 88' lang='lat' dir='ltr'><strong>runt:</strong></span> <span class='ocrx_word' id='word_1_99' title='bbox 466 2004 559 2050; x_wconf 81' lang='lat' dir='ltr'><strong>tanus</strong></span> <span class='ocrx_word' id='word_1_100' title='bbox 576 1978 693 2065; x_wconf 91' lang='lat' dir='ltr'><strong>enim,</strong></span> <span class='ocrx_word' id='word_1_101' title='bbox 713 1991 753 2048; x_wconf 92' lang='lat' dir='ltr'><strong>ut</strong></span> <span class='ocrx_word' id='word_1_102' title='bbox 769 1976 905 2048; x_wconf 91' lang='lat' dir='ltr'><strong>dictum</strong></span> <span class='ocrx_word' id='word_1_103' title='bbox 921 1992 992 2066; x_wconf 89' lang='lat' dir='ltr'><strong>est,</strong></span> <span class='ocrx_word' id='word_1_104' title='bbox 1010 1979 1045 2048; x_wconf 92' lang='lat' dir='ltr'><strong>in</strong></span> <span class='ocrx_word' id='word_1_105' title='bbox 1068 1978 1256 2049; x_wconf 89' lang='lat' dir='ltr'><strong>venatione</strong></span> <span class='ocrx_word' id='word_1_106' title='bbox 1273 1979 1405 2050; x_wconf 86' lang='lat' dir='ltr'><strong>saucia·</strong></span> 
     </span>
     <span class='ocr_line' id='line_1_15' title="bbox 338 2091 1403 2190; baseline 0 -26"><span class='ocrx_word' id='word_1_107' title='bbox 338 2109 395 2164; x_wconf 92' lang='lat' dir='ltr'><strong>tus</strong></span> <span class='ocrx_word' id='word_1_108' title='bbox 408 2093 559 2182; x_wconf 87' lang='lat' dir='ltr'><strong>occidit;</strong></span> <span class='ocrx_word' id='word_1_109' title='bbox 573 2092 662 2164; x_wconf 89' lang='lat' dir='ltr'><strong>alter</strong></span> <span class='ocrx_word' id='word_1_110' title='bbox 672 2117 773 2178; x_wconf 84' lang='lat' dir='ltr'><strong>verc,</strong></span> <span class='ocrx_word' id='word_1_111' title='bbox 790 2101 982 2190; x_wconf 82' lang='lat' dir='ltr'><strong>postquam</strong></span> <span class='ocrx_word' id='word_1_112' title='bbox 996 2092 1170 2164; x_wconf 87' lang='lat' dir='ltr'><strong>Henricus</strong></span> <span class='ocrx_word' id='word_1_113' title='bbox 1182 2091 1403 2164; x_wconf 85' lang='lat' dir='ltr'><strong>Rodbertum</strong></span> 
     </span>
     <span class='ocr_line' id='line_1_16' title="bbox 339 2206 1402 2307; baseline -0.004 -25"><span class='ocrx_word' id='word_1_114' title='bbox 339 2208 435 2307; x_wconf 91' lang='lat' dir='ltr'><strong>apud</strong></span> <span class='ocrx_word' id='word_1_115' title='bbox 451 2206 793 2280; x_wconf 88' lang='lat' dir='ltr'><strong>Tenerchebraicum</strong></span> <span class='ocrx_word' id='word_1_116' title='bbox 812 2207 867 2303; x_wconf 82' lang='lat'><strong>(3)</strong></span> <span class='ocrx_word' id='word_1_117' title='bbox 891 2207 1004 2304; x_wconf 90' lang='lat' dir='ltr'><strong>cepit,</strong></span> <span class='ocrx_word' id='word_1_118' title='bbox 1026 2207 1217 2280; x_wconf 85' lang='lat' dir='ltr'><strong>Ierusalem</strong></span> <span class='ocrx_word' id='word_1_119' title='bbox 1238 2209 1402 2306; x_wconf 80' lang='lat' dir='ltr'><strong>expetiit,</strong></span> 
     </span>
     <span class='ocr_line' id='line_1_17' title="bbox 340 2319 1065 2421; baseline -0.003 -27"><span class='ocrx_word' id='word_1_120' title='bbox 340 2322 459 2421; x_wconf 91' lang='lat' dir='ltr'><strong>ibique</strong></span> <span class='ocrx_word' id='word_1_121' title='bbox 479 2322 604 2394; x_wconf 86' lang='lat' dir='ltr'><strong>militia</strong></span> <span class='ocrx_word' id='word_1_122' title='bbox 621 2319 811 2394; x_wconf 86' lang='lat' dir='ltr'><strong>laudabilis</strong></span> <span class='ocrx_word' id='word_1_123' title='bbox 827 2322 898 2394; x_wconf 93' lang='lat' dir='ltr'><strong>cito</strong></span> <span class='ocrx_word' id='word_1_124' title='bbox 917 2322 1065 2393; x_wconf 91' lang='lat' dir='ltr'><strong>corruit.</strong></span> 
     </span>
    </p>

    <p class='ocr_par' dir='ltr' id='par_1_3' title="bbox 340 2435 1407 3115">
     <span class='ocr_line' id='line_1_18' title="bbox 388 2435 1401 2535; baseline 0 -25"><span class='ocrx_word' id='word_1_125' title='bbox 388 2443 491 2510; x_wconf 90' lang='lat' dir='ltr'><strong>Nunc</strong></span> <span class='ocrx_word' id='word_1_126' title='bbox 524 2438 570 2509; x_wconf 91' lang='lat' dir='ltr'><strong>de</strong></span> <span class='ocrx_word' id='word_1_127' title='bbox 602 2437 710 2526; x_wconf 89' lang='lat' dir='ltr'><strong>silva,</strong></span> <span class='ocrx_word' id='word_1_128' title='bbox 745 2435 809 2508; x_wconf 94' lang='lat' dir='ltr'><strong>ubi</strong></span> <span class='ocrx_word' id='word_1_129' title='bbox 837 2436 1002 2535; x_wconf 80' lang='lat' dir='ltr'><strong>praelatus</strong></span> <span class='ocrx_word' id='word_1_130' title='bbox 1029 2451 1109 2534; x_wconf 88' lang='lat' dir='ltr'><strong>tyro</strong></span> <span class='ocrx_word' id='word_1_131' title='bbox 1138 2437 1264 2535; x_wconf 90' lang='lat' dir='ltr'><strong>periit,</strong></span> <span class='ocrx_word' id='word_1_132' title='bbox 1295 2437 1401 2528; x_wconf 87' lang='lat' dir='ltr'><strong>vide,</strong></span> 
     </span>
     <span class='ocr_line' id='line_1_19' title="bbox 341 2550 1405 2650; baseline -0.001 -24"><span class='ocrx_word' id='word_1_133' title='bbox 341 2553 466 2642; x_wconf 86' lang='lat' dir='ltr'><strong>lector,</strong></span> <span class='ocrx_word' id='word_1_134' title='bbox 484 2577 550 2626; x_wconf 90' lang='lat' dir='ltr'><strong>cur</strong></span> <span class='ocrx_word' id='word_1_135' title='bbox 564 2556 664 2624; x_wconf 83' lang='lat' dir='ltr'><strong>Nova</strong></span> <span class='ocrx_word' id='word_1_136' title='bbox 674 2553 827 2624; x_wconf 84' lang='lat' dir='ltr'><strong>vocitata</strong></span> <span class='ocrx_word' id='word_1_137' title='bbox 851 2553 909 2623; x_wconf 90' lang='lat' dir='ltr'><strong>sit.</strong></span> <span class='ocrx_word' id='word_1_138' title='bbox 939 2550 1163 2648; x_wconf 80' lang='lat' dir='ltr'><strong>abantiquis</strong></span> <span class='ocrx_word' id='word_1_139' title='bbox 1181 2553 1405 2650; x_wconf 86' lang='lat' dir='ltr'><strong>temporibus</strong></span> 
     </span>
     <span class='ocr_line' id='line_1_20' title="bbox 342 2668 1406 2769; baseline -0.001 -28"><span class='ocrx_word' id='word_1_140' title='bbox 342 2671 392 2742; x_wconf 92' lang='lat' dir='ltr'><strong>ihi</strong></span> <span class='ocrx_word' id='word_1_141' title='bbox 409 2668 586 2769; x_wconf 88' lang='lat' dir='ltr'><strong>populosa</strong></span> <span class='ocrx_word' id='word_1_142' title='bbox 604 2668 701 2766; x_wconf 91' lang='lat' dir='ltr'><strong>regio</strong></span> <span class='ocrx_word' id='word_1_143' title='bbox 718 2683 812 2757; x_wconf 90' lang='lat' dir='ltr'><strong>erat,</strong></span> <span class='ocrx_word' id='word_1_144' title='bbox 840 2683 874 2740; x_wconf 95' lang='lat' dir='ltr'><strong>et</strong></span> <span class='ocrx_word' id='word_1_145' title='bbox 892 2668 984 2739; x_wconf 92' lang='lat' dir='ltr'><strong>villis</strong></span> <span class='ocrx_word' id='word_1_146' title='bbox 1003 2668 1169 2740; x_wconf 89' lang='lat' dir='ltr'><strong>humanae</strong></span> <span class='ocrx_word' id='word_1_147' title='bbox 1193 2669 1406 2742; x_wconf 85' lang='lat' dir='ltr'><strong>habitationi</strong></span> 
     </span>
     <span class='ocr_line' id='line_1_21' title="bbox 340 2783 1406 2885; baseline -0.004 -24"><span class='ocrx_word' id='word_1_148' title='bbox 340 2783 628 2885; x_wconf 86' lang='lat' dir='ltr'><strong>competentibus</strong></span> <span class='ocrx_word' id='word_1_149' title='bbox 654 2783 875 2856; x_wconf 85' lang='lat' dir='ltr'><strong>abundabat.</strong></span> <span class='ocrx_word' id='word_1_150' title='bbox 905 2785 1058 2882; x_wconf 88' lang='lat' dir='ltr'><strong>Copiosa</strong></span> <span class='ocrx_word' id='word_1_151' title='bbox 1074 2808 1161 2855; x_wconf 87' lang='lat' dir='ltr'><strong>vero</strong></span> <span class='ocrx_word' id='word_1_152' title='bbox 1179 2785 1281 2883; x_wconf 89' lang='lat' dir='ltr'><strong>plebs</strong></span> <span class='ocrx_word' id='word_1_153' title='bbox 1297 2785 1406 2857; x_wconf 89' lang='lat' dir='ltr'><strong>Suth-</strong></span> 
     </span>
     <span class='ocr_line' id='line_1_22' title="bbox 341 2897 1401 3002; baseline -0.005 -25"><span class='ocrx_word' id='word_1_154' title='bbox 341 2906 545 3002; x_wconf 83' lang='lat' dir='ltr'><strong>hamptonae</strong></span> <span class='ocrx_word' id='word_1_155' title='bbox 567 2925 699 3000; x_wconf 88' lang='lat' dir='ltr'><strong>pagum</strong></span> <span class='ocrx_word' id='word_1_156' title='bbox 728 2900 783 2996; x_wconf 77' lang='lat' dir='ltr'><strong>(la)</strong></span> <span class='ocrx_word' id='word_1_157' title='bbox 817 2898 938 2972; x_wconf 87' lang='lat' dir='ltr'><strong>solerti</strong></span> <span class='ocrx_word' id='word_1_158' title='bbox 965 2923 1052 2971; x_wconf 87' lang='lat' dir='ltr'><strong>cura</strong></span> <span class='ocrx_word' id='word_1_159' title='bbox 1079 2897 1209 2971; x_wconf 82' lang='lat' dir='ltr'><strong>obnixe</strong></span> <span class='ocrx_word' id='word_1_160' title='bbox 1239 2900 1401 2992; x_wconf 89' lang='lat' dir='ltr'><strong>colebat;</strong></span> 
     </span>
     <span class='ocr_line' id='line_1_23' title="bbox 344 3013 1407 3115; baseline -0.004 -23"><span class='ocrx_word' id='word_1_161' title='bbox 344 3021 439 3092; x_wconf 88' lang='lat' dir='ltr'><strong>unde</strong></span> <span class='ocrx_word' id='word_1_162' title='bbox 457 3017 619 3092; x_wconf 87' lang='lat' dir='ltr'><strong>australis</strong></span> <span class='ocrx_word' id='word_1_163' title='bbox 635 3016 820 3114; x_wconf 89' lang='lat' dir='ltr'><strong>provincia</strong></span> <span class='ocrx_word' id='word_1_164' title='bbox 840 3017 1037 3086; x_wconf 88' lang='lat' dir='ltr'><strong>Guentanae</strong></span> <span class='ocrx_word' id='word_1_165' title='bbox 1057 3013 1138 3085; x_wconf 90' lang='lat' dir='ltr'><strong>urbi</strong></span> <span class='ocrx_word' id='word_1_166' title='bbox 1164 3015 1407 3115; x_wconf 88' lang='lat' dir='ltr'><strong>multipliciter</strong></span> 
     </span>
    </p>
   </div>
   <div class='ocr_carea' id='block_1_3' title="bbox 343 3126 1410 3799">
    <p class='ocr_par' dir='ltr' id='par_1_4' title="bbox 343 3126 1410 3799">
     <span class='ocr_line' id='line_1_24' title="bbox 343 3126 1406 3233; baseline -0.005 -26"><span class='ocrx_word' id='word_1_167' title='bbox 343 3134 533 3233; x_wconf 89' lang='lat' dir='ltr'><strong>campestri</strong></span> <span class='ocrx_word' id='word_1_168' title='bbox 558 3131 720 3203; x_wconf 88' lang='lat' dir='ltr'><strong>ubertate</strong></span> <span class='ocrx_word' id='word_1_169' title='bbox 737 3128 926 3203; x_wconf 87' lang='lat' dir='ltr'><strong>serviebat.</strong></span> <span class='ocrx_word' id='word_1_170' title='bbox 951 3126 1163 3201; x_wconf 89' lang='lat' dir='ltr'><strong>Guillelmus</strong></span> <span class='ocrx_word' id='word_1_171' title='bbox 1188 3145 1308 3202; x_wconf 89' lang='lat' dir='ltr'><strong>autem</strong></span> <span class='ocrx_word' id='word_1_172' title='bbox 1331 3131 1406 3229; x_wconf 92' lang='lat' dir='ltr'><strong>pri·</strong></span> 
     </span>
     <span class='ocr_line' id='line_1_25' title="bbox 345 3243 1407 3346; baseline -0.003 -25"><span class='ocrx_word' id='word_1_173' title='bbox 345 3275 437 3329; x_wconf 80' lang='lat' dir='ltr'><strong>mus,</strong></span> <span class='ocrx_word' id='word_1_174' title='bbox 454 3262 644 3346; x_wconf 90' lang='lat' dir='ltr'><strong>postquam</strong></span> <span class='ocrx_word' id='word_1_175' title='bbox 661 3270 812 3344; x_wconf 91' lang='lat' dir='ltr'><strong>regnum</strong></span> <span class='ocrx_word' id='word_1_176' title='bbox 826 3243 985 3317; x_wconf 76' lang='lat' dir='ltr'><strong>Albiouis</strong></span> <span class='ocrx_word' id='word_1_177' title='bbox 1001 3244 1170 3334; x_wconf 86' lang='lat' dir='ltr'><strong>obtinuit,</strong></span> <span class='ocrx_word' id='word_1_178' title='bbox 1185 3261 1325 3318; x_wconf 88' lang='lat' dir='ltr'><strong>amator</strong></span> <span class='ocrx_word' id='word_1_179' title='bbox 1342 3272 1407 3319; x_wconf 91' lang='lat' dir='ltr'><strong>ne·</strong></span> 
     </span>
     <span class='ocr_line' id='line_1_26' title="bbox 346 3358 1405 3459; baseline -0.002 -25"><span class='ocrx_word' id='word_1_180' title='bbox 346 3387 510 3450; x_wconf 87' lang='lat' dir='ltr'><strong>morum,</strong></span> <span class='ocrx_word' id='word_1_181' title='bbox 530 3360 611 3459; x_wconf 87' lang='lat' dir='ltr'><strong>plus</strong></span> <span class='ocrx_word' id='word_1_182' title='bbox 640 3384 749 3458; x_wconf 90' lang='lat' dir='ltr'><strong>quam</strong></span> <span class='ocrx_word' id='word_1_183' title='bbox 787 3385 832 3430; x_wconf 83' lang='lat' dir='ltr'><strong>nx</strong></span> <span class='ocrx_word' id='word_1_184' title='bbox 863 3358 1051 3458; x_wconf 88' lang='lat' dir='ltr'><strong>parochias</strong></span> <span class='ocrx_word' id='word_1_185' title='bbox 1068 3358 1162 3430; x_wconf 92' lang='lat' dir='ltr'><strong>ultro</strong></span> <span class='ocrx_word' id='word_1_186' title='bbox 1185 3359 1405 3450; x_wconf 88' lang='lat' dir='ltr'><strong>devastavit,</strong></span> 
     </span>
     <span class='ocr_line' id='line_1_27' title="bbox 346 3475 1409 3575; baseline 0 -25"><span class='ocrx_word' id='word_1_187' title='bbox 346 3475 518 3552; x_wconf 86' lang='lat' dir='ltr'><strong>ruricolas</strong></span> <span class='ocrx_word' id='word_1_188' title='bbox 542 3475 673 3549; x_wconf 86' lang='lat' dir='ltr'><strong>adalia</strong></span> <span class='ocrx_word' id='word_1_189' title='bbox 696 3475 777 3548; x_wconf 87' lang='lat' dir='ltr'><strong>loca</strong></span> <span class='ocrx_word' id='word_1_190' title='bbox 795 3475 1045 3571; x_wconf 85' lang='lat' dir='ltr'><strong>transmigrare</strong></span> <span class='ocrx_word' id='word_1_191' title='bbox 1067 3475 1261 3575; x_wconf 88' lang='lat' dir='ltr'><strong>compulit,</strong></span> <span class='ocrx_word' id='word_1_192' title='bbox 1288 3492 1325 3550; x_wconf 89' lang='lat' dir='ltr'><strong>et</strong></span> <span class='ocrx_word' id='word_1_193' title='bbox 1351 3477 1409 3550; x_wconf 89' lang='lat' dir='ltr'><strong>sil·</strong></span> 
     </span>
     <span class='ocr_line' id='line_1_28' title="bbox 348 3590 1410 3691; baseline -0.002 -25"><span class='ocrx_word' id='word_1_194' title='bbox 348 3610 480 3668; x_wconf 87' lang='lat' dir='ltr'><strong>vestres</strong></span> <span class='ocrx_word' id='word_1_195' title='bbox 500 3592 591 3666; x_wconf 89' lang='lat' dir='ltr'><strong>seras</strong></span> <span class='ocrx_word' id='word_1_196' title='bbox 613 3617 681 3691; x_wconf 90' lang='lat' dir='ltr'><strong>pro</strong></span> <span class='ocrx_word' id='word_1_197' title='bbox 701 3591 930 3680; x_wconf 89' lang='lat' dir='ltr'><strong>hominibus,</strong></span> <span class='ocrx_word' id='word_1_198' title='bbox 950 3605 990 3662; x_wconf 91' lang='lat' dir='ltr'><strong>ut</strong></span> <span class='ocrx_word' id='word_1_199' title='bbox 1007 3590 1226 3690; x_wconf 89' lang='lat' dir='ltr'><strong>voluptatem</strong></span> <span class='ocrx_word' id='word_1_200' title='bbox 1255 3593 1410 3666; x_wconf 90' lang='lat' dir='ltr'><strong>venandi</strong></span> 
     </span>
     <span class='ocr_line' id='line_1_29' title="bbox 348 3704 1409 3799; baseline -0.001 -17"><span class='ocrx_word' id='word_1_201' title='bbox 348 3709 514 3799; x_wconf 87' lang='lat' dir='ltr'><strong>haberet,</strong></span> <span class='ocrx_word' id='word_1_202' title='bbox 532 3708 665 3781; x_wconf 90' lang='lat' dir='ltr'><strong>ibidem</strong></span> <span class='ocrx_word' id='word_1_203' title='bbox 680 3707 877 3780; x_wconf 90' lang='lat' dir='ltr'><strong>constituit.</strong></span> <span class='ocrx_word' id='word_1_204' title='bbox 899 3705 951 3776; x_wconf 89' lang='lat' dir='ltr'><strong>lbi</strong></span> <span class='ocrx_word' id='word_1_205' title='bbox 967 3704 1059 3778; x_wconf 90' lang='lat' dir='ltr'><strong>duos</strong></span> <span class='ocrx_word' id='word_1_206' title='bbox 1079 3704 1170 3778; x_wconf 84' lang='lat' dir='ltr'><strong>filios</strong></span> <span class='ocrx_word' id='word_1_207' title='bbox 1191 3734 1200 3778; x_wconf 71' lang='grc' dir='ltr'><strong>ε</strong></span> <span class='ocrx_word' id='word_1_208' title='bbox 1218 3708 1409 3782; x_wconf 85' lang='lat' dir='ltr'><strong>Ricardum</strong></span> 
     </span>
    </p>
   </div>
   <div class='ocr_carea' id='block_1_4' title="bbox 384 3931 1227 4274">
    <p class='ocr_par' dir='ltr' id='par_1_5' title="bbox 384 3931 813 4006">
     <span class='ocr_line' id='line_1_30' title="bbox 384 3931 813 4006; baseline -0.014 -15"><span class='ocrx_word' id='word_1_209' title='bbox 384 3935 423 4005; x_wconf 82' lang='grc'><strong>(1)</strong></span> <span class='ocrx_word' id='word_1_210' title='bbox 441 3932 490 3990; x_wconf 87' lang='lat' dir='ltr'><strong>Gl.</strong></span> <span class='ocrx_word' id='word_1_211' title='bbox 504 3934 554 3992; x_wconf 89' lang='lat' dir='ltr'><strong>int.</strong></span> <span class='ocrx_word' id='word_1_212' title='bbox 568 3958 573 3986; x_wconf 89' lang='lat'><strong>:</strong></span> <span class='ocrx_word' id='word_1_213' title='bbox 589 3932 687 4006; x_wconf 87' lang='lat' dir='ltr'><strong>putain</strong></span> <span class='ocrx_word' id='word_1_214' title='bbox 702 3931 813 4004; x_wconf 83' lang='lat' dir='ltr'><strong>gallice.</strong></span> 
     </span>
    </p>

    <p class='ocr_par' dir='ltr' id='par_1_6' title="bbox 387 4017 1041 4095">
     <span class='ocr_line' id='line_1_31' title="bbox 387 4017 1041 4095; baseline -0.009 -15"><span class='ocrx_word' id='word_1_215' title='bbox 387 4024 426 4095; x_wconf 73' lang='lat'><strong>(2)</strong></span> <span class='ocrx_word' id='word_1_216' title='bbox 444 4020 661 4078; x_wconf 83' lang='lat' dir='ltr'><strong>Probablement</strong></span> <span class='ocrx_word' id='word_1_217' title='bbox 672 4019 742 4074; x_wconf 81' lang='lat' dir='ltr'><strong>dana</strong></span> <span class='ocrx_word' id='word_1_218' title='bbox 755 4017 780 4072; x_wconf 87' lang='lat' dir='ltr'><strong>le</strong></span> <span class='ocrx_word' id='word_1_219' title='bbox 796 4017 887 4074; x_wconf 75' lang='lat' dir='ltr'><strong>Venia</strong></span> <span class='ocrx_word' id='word_1_220' title='bbox 902 4019 1041 4093; x_wconf 82' lang='lat' dir='ltr'><strong>Franqais.</strong></span> 
     </span>
    </p>

    <p class='ocr_par' dir='ltr' id='par_1_7' title="bbox 386 4108 624 4181">
     <span class='ocr_line' id='line_1_32' title="bbox 386 4108 624 4181; baseline -0.025 -13"><span class='ocrx_word' id='word_1_221' title='bbox 386 4112 425 4181; x_wconf 81' lang='grc'><strong>(3)</strong></span> <span class='ocrx_word' id='word_1_222' title='bbox 444 4108 624 4165; x_wconf 87' lang='lat' dir='ltr'><strong>Tinchebrai.</strong></span> 
     </span>
    </p>

    <p class='ocr_par' dir='ltr' id='par_1_8' title="bbox 387 4195 1227 4274">
     <span class='ocr_line' id='line_1_33' title="bbox 387 4195 1227 4274; baseline -0.01 -16"><span class='ocrx_word' id='word_1_223' title='bbox 387 4200 426 4274; x_wconf 85' lang='grc'><strong>(1)</strong></span> <span class='ocrx_word' id='word_1_224' title='bbox 445 4199 482 4256; x_wconf 83' lang='lat' dir='ltr'><strong>be</strong></span> <span class='ocrx_word' id='word_1_225' title='bbox 492 4197 676 4270; x_wconf 81' lang='lat' dir='ltr'><strong>Hampshire,</strong></span> <span class='ocrx_word' id='word_1_226' title='bbox 691 4195 762 4253; x_wconf 88' lang='lat' dir='ltr'><strong>dont</strong></span> <span class='ocrx_word' id='word_1_227' title='bbox 771 4195 978 4270; x_wconf 83' lang='lat' dir='ltr'><strong>Soutbampton</strong></span> <span class='ocrx_word' id='word_1_228' title='bbox 991 4208 1033 4252; x_wconf 85' lang='lat' dir='ltr'><strong>est</strong></span> <span class='ocrx_word' id='word_1_229' title='bbox 1046 4197 1071 4252; x_wconf 89' lang='lat' dir='ltr'><strong>le</strong></span> <span class='ocrx_word' id='word_1_230' title='bbox 1084 4197 1227 4252; x_wconf 81' lang='lat' dir='ltr'><strong>chet-lleu.</strong></span> 
     </span>
    </p>
   </div>
   <div class='ocr_carea' id='block_1_5' title="bbox 0 0 1605 5052">
    <p class='ocr_par' dir='ltr' id='par_1_9' title="bbox 0 0 1605 5052">
     <span class='ocr_line' id='line_1_34' title="bbox 0 0 1605 5052; baseline 0 0"><span class='ocrx_word' id='word_1_231' title='bbox 0 0 1605 5052; x_wconf 95' lang='lat' dir='ltr'><strong> </strong></span> 
     </span>
    </p>
   </div>
  </div>
 </body>
</html>
