3130 5058
151 498 260 579 [1005]
493 497 611 560 anea
632 496 873 558 uunecruns.
967 475 968 478 ‘
1153 501 1209 558 tot

152 653 252 704 arma
268 630 472 728 sceptrigeri
489 629 606 702 fratris
624 629 670 701 ad
689 627 953 729 irreparabilem
970 653 1082 726 usque
1099 629 1216 725 dejec-

154 746 289 818 tionem
306 759 500 842 pateretur.
795 735 798 742 ’
1065 803 1067 808 .

204 861 395 934 Praeclarus
420 885 563 950 comes,
589 877 627 932 ut
651 885 689 932 se
713 858 814 956 quasi
842 883 975 956 equum
1001 858 1057 930 vel
1082 858 1214 932 bovem

154 975 316 1050 dandum
332 976 479 1064 audivit,
496 975 730 1073 frugalitatem
746 999 861 1062 suam,
877 975 934 1047 vel
951 972 1060 1046 fidem
1075 999 1215 1047 servare

154 1091 297 1182 volens,
325 1090 444 1190 palam
466 1091 633 1164 omnibus
655 1091 769 1164 dixit:
793 1093 904 1164 Omni
924 1093 993 1162 vita
1017 1115 1096 1162 mea
1114 1093 1219 1187 patri

155 1223 268 1278 vestro
286 1204 449 1295 fideliter
480 1208 624 1293 servivi,
658 1229 906 1303 necunquam
938 1208 974 1276 ei
1000 1206 1215 1301 promissam

142 1321 262 1414 fidem
274 1324 313 1393 ln
325 1321 445 1420 altana
460 1323 698 1394 contaminavi
700 1351 715 1408 ;
732 1345 840 1418 quam
856 1319 1085 1392 nildlominns
1095 1317 1219 1392 heredi

153 1434 234 1532 qjtts
250 1461 358 1533 usqne
377 1433 478 1508 hodt'e
498 1437 651 1521 servavi,
675 1449 712 1505 et
728 1459 867 1531 semper
883 1436 983 1504 omni
997 1449 1125 1526 conata
1141 1458 1216 1504 ser·

154 1573 239 1620 vare
251 1549 396 1621 decrevi.
416 1547 498 1636 Sed,
519 1551 603 1647 quia
620 1547 831 1646 impossibile
845 1564 909 1634 est,
931 1564 969 1620 ut
982 1550 1163 1645 tpseDeus
1177 1551 1217 1618 in

153 1666 347 1764 Evangelio
366 1665 465 1752 dreit,
483 1682 596 1762 prout
607 1689 699 1762 saepe
715 1691 738 1735 a
755 1664 920 1760 sophera
934 1661 1067 1750 audivi,
1087 1661 1218 1734 duobm

153 1778 308 1872 dominis
329 1807 353 1851 a
377 1807 416 1852 se
436 1779 712 1879 discrepantibus
730 1777 872 1876 placide
887 1777 1070 1874 famulari
1070 1833 1082 1865 ,
1113 1784 1217 1848 unlus

152 1894 285 1967 ditioni
291 1911 440 1994 peropto
451 1899 663 1994 mancipari,
684 1922 740 1983 ne,
759 1897 909 1994 gemlnr's
925 1909 1111 1990 occupatus
1123 1891 1216 1964 obse·

153 2014 263 2110 quia,
291 2029 415 2085 neutro
430 2016 568 2109 possim
587 2029 712 2112 gratus
732 2009 866 2082 baberi.
890 2015 1018 2109 Regem
1039 2025 1076 2082 et
1095 2008 1217 2082 ducem

152 2127 276 2226 diligo.
295 2128 409 2200 Ambo
423 2132 519 2200 enim
534 2144 619 2200 sunt
626 2130 707 2220 filli
723 2131 814 2226 regls
830 2125 969 2196 domini
981 2129 1069 2214 mel,
1087 2141 1125 2198 et
1138 2151 1217 2196 arn·

155 2245 217 2314 bos
233 2259 360 2340 appeto
379 2246 541 2316 venerari
542 2273 557 2331 ,·
573 2241 638 2316 sed
650 2245 715 2314 nni
728 2239 1083 2334 hominiumsacr'am,
1103 2241 1214 2338 eique,

154 2373 198 2427 nt
209 2355 364 2444 domino,
384 2358 544 2458 legaliter
554 2361 717 2430 serviam.
739 2362 816 2429 Hoc
832 2355 968 2430 dictum
983 2355 1139 2428 liberalis
1151 2355 1219 2426 viri

154 2472 326 2546 omnibus
342 2473 488 2571 placuit.

204 2591 303 2660 Tunc
326 2587 526 2662 Radbertus
549 2588 623 2662 dux
646 2590 763 2688 ipsum
780 2589 854 2686 regi
873 2613 938 2687 per
957 2612 1106 2662 manum
1128 2607 1219 2684 por-

154 2702 262 2791 rexit,
286 2718 334 2794 et,
356 2703 445 2776 facta
459 2729 546 2802 pace
562 2705 655 2777 inter
673 2705 809 2794 fratres,
829 2719 910 2778 ante
927 2705 1084 2777 hiemem
1101 2726 1162 2775 rex
1180 2701 1217 2772 in

154 2815 319 2913 angliam
351 2820 531 2892 remeavit.
571 2825 652 2892 Mox
683 2820 806 2891 vesani
835 2819 1023 2920 praedones
1055 2840 1218 2915 guerram

153 2932 341 3020 iterarunt,
361 2947 396 3004 et
412 2934 583 3032 quicquid
599 2959 659 3006 rex
671 2959 712 3006 ac
724 2936 862 3034 patricii
872 2961 940 3035 pro
955 2935 1110 3032 regionis
1123 2956 1221 3006 oom-

154 3045 258 3117 muni
281 3043 393 3119 salute
414 3049 692 3140 constituerant,
721 3064 852 3122 temere
879 3049 1095 3148 praevaricati
1121 3061 1216 3120 sunt.

154 3160 359 3234 Radbertus
378 3163 476 3236 enim
498 3162 545 3236 de
570 3164 742 3252 belismo,
774 3167 882 3262 regis,
910 3189 1018 3262 quem
1046 3163 1220 3237 hostiliter

153 3274 299 3366 oderat,
322 3279 498 3376 profectui
518 3281 623 3352 nimis
644 3280 825 3372 invidens,
850 3283 1078 3355 contristatus
1094 3294 1163 3370 est,
1184 3297 1221 3354 et

152 3415 239 3462 cum
250 3393 456 3486 Guillelmo‚
471 3412 604 3494 nepote
615 3422 695 3486 suo,
709 3397 940 3473 Moritoliensi
953 3398 1084 3471 comite
1095 3395 1127 3494 (l
1137 3397 1164 3494 l,
1183 3412 1220 3469 et

191 3698 230 3766 (l)
249 3696 425 3767 Guillanme,
441 3711 533 3756 comte
550 3700 585 3756 de
604 3702 740 3769 Manain,
758 3702 996 3778 cousin-germain
1014 3700 1049 3758 de
1068 3701 1176 3756 Robert
1190 3710 1220 3755 et

153 3783 191 3840 de
206 3785 305 3840 llenri.

192 3871 280 3928 Notre
295 3885 397 3930 auteur
409 3895 424 3930 a
437 3877 548 3950 neglige
561 3877 598 3932 de
611 3893 681 3934 noue
694 3877 827 3952 indiquer
842 3879 881 3932 les
894 3897 987 3936 canses
1003 3878 1038 3933 de
1054 3877 1220 3934 t’animosite

151 3961 205 4034 qni
220 3960 332 4016 existuit
347 3973 428 4019 entre
443 3964 469 4020 le
485 3966 527 4032 roi
545 3976 575 4020 et
592 3965 618 4020 le
636 3977 727 4022 eomte
742 3966 777 4024 de
792 3967 923 4024 Mortain.
941 3967 965 4022 Il
982 3966 1072 4040 parsit
1087 3985 1142 4040 que
1158 3965 1220 4020 leur

151 4050 312 4122 antipatbie
326 4054 491 4129 reciproque
506 4058 657 4112 remontait
669 4055 727 4111 sort
740 4055 811 4124 loin;
826 4057 895 4110 maia
908 4074 939 4112 ce
952 4057 1001 4130 qui
1013 4057 1039 4110 la
1052 4055 1218 4128 developpa‚

151 4139 198 4194 lut
209 4139 234 4194 la
246 4139 383 4198 demande
395 4141 462 4201 faite
475 4163 524 4216 par
533 4141 696 4200 Guillaume
707 4144 747 4198 du
758 4148 851 4202 comte
860 4145 896 4200 de
907 4145 990 4212 Kent,
1002 4142 1070 4218 qu'il
1079 4141 1220 4216 pretendit

152 4225 194 4280 lai
212 4229 290 4284 aruir
308 4231 352 4283 ete'
370 4225 451 4304 legue
467 4250 516 4304 par
537 4250 586 4286 son
602 4231 682 4287 oncle
700 4231 795 4290 Odon.
813 4232 956 4304 Celenae
972 4233 1115 4306 seigneur,
1135 4230 1219 4288 d’une
