2888 4934
189 108 420 191 [ιιοιιιοι]
550 107 666 170 menn
687 107 928 174 nnnncrnvs.
1206 117 1265 178 ns

188 258 236 317 et
251 248 447 343 Hugonem
458 245 489 341 (l
499 244 526 342 ).
541 244 665 316 Varios
676 258 795 317 autern
806 269 921 337 casus,
934 259 974 317 ut
984 269 1022 317 se
1035 270 1091 318 res
1101 245 1266 321 humanae

184 357 358 451 habent,
376 358 585 458 plerumque
603 375 769 458 expertus
785 375 849 449 est,
869 375 903 432 et
920 361 956 430 in
971 358 1107 433 bellicis
1121 362 1266 435 conflic-

185 473 305 546 tibus
327 498 349 546 a
371 475 530 562 fortuna,
554 498 633 572 quae
656 475 765 547 instar
787 474 964 572 vergibilis
986 489 1073 547 rotae
1097 476 1263 573 agitatur,

188 612 303 688 πρε
322 590 465 663 delusus
481 605 547 662 est.
566 590 698 688 Saepius
716 591 752 661 in
771 590 871 662 illum
890 592 1077 688 optimates
1096 593 1195 688 regni
1211 617 1267 663 re-

190 702 451 794 bellaverunt,
469 706 656 803 ipsumque
674 718 710 776 et
728 704 881 777 fautores
899 706 975 801 ejus
990 705 1129 777 damnis
1147 721 1182 777 et
1200 705 1267 778 fre·

189 817 404 916 quentibus
421 819 556 916 injuriis
574 820 843 911 infestavernn13
864 820 1005 892 vivente
1024 821 1130 892 etiam
1147 835 1265 918 patre,

192 933 273 1031 qui
289 933 427 1024 militia,
444 934 648 1032 justitiaque
665 935 726 1008 diu
744 934 889 1032 frigidus
904 935 1028 1024 luerat,
1046 937 1081 1006 in
1099 950 1268 1032 utrosque

195 1047 344 1145 turgidi
359 1050 560 1141 saevierunt,
582 1065 617 1122 et
634 1065 807 1150 praecepta
825 1051 1009 1148 genitoris,
1031 1049 1164 1147 filiique
1179 1074 1269 1122 con·

197 1174 445 1261 tempserunt.

256 1281 381 1376 Igitur,
405 1281 489 1378 quia
506 1283 608 1354 senio
624 1297 659 1354 et
677 1282 882 1355 infirmitate
898 1307 960 1354 rex
978 1281 1160 1380 Philippus
1177 1307 1197 1354 a
1213 1307 1268 1354 re·

200 1392 280 1492 gali
305 1394 441 1492 fastigio
466 1396 665 1488 deciderat,
696 1413 731 1469 et
759 1397 963 1497 principalis
990 1421 1073 1494 erga
1100 1413 1269 1496 tyrannos

195 1507 351 1605 justitiae
370 1511 466 1607 rigor
486 1513 592 1582 nimis
613 1510 833 1608 elanguerat,
855 1510 1054 1583 Ludovicus
1071 1513 1107 1582 in
1127 1513 1266 1611 primis,

203 1622 257 1695 ad
273 1624 580 1722 comprimendam
601 1625 824 1723 tyrannidem
843 1624 1053 1724 praedonum
1070 1641 1105 1697 et
1123 1625 1268 1697 seditio-

205 1762 350 1828 sorum,
368 1739 537 1811 auxilium
550 1756 662 1812 totam
674 1766 738 1839 per
751 1740 903 1813 Galliam
915 1739 1109 1839 deposcere
1126 1755 1271 1813 coactus

206 1864 266 1923 est
284 1853 550 1950 episcoporum.
573 1858 671 1926 Tunc
691 1879 776 1950 ergo
797 1855 1035 1926 communitas
1060 1854 1098 1923 in
1124 1855 1270 1926 Francia

208 1966 394 2065 popularis
409 1983 539 2041 statuta
554 1985 606 2041 est
619 1995 640 2041 a
653 1969 874 2067 praesulibus,
895 1983 933 2039 ut
948 1968 1143 2066 presbyteri
1158 1971 1270 2043 comi·

208 2094 372 2154 latentur
389 2082 464 2179 regi
482 2082 527 2155 ad
545 2082 772 2155 obsidionem
787 2083 844 2155 vel
861 2107 1019 2181 pugnam
1036 2107 1118 2155 cum
1137 2082 1272 2156 vexillis

210 2209 248 2269 ct
263 2195 489 2294 parochianis
508 2196 675 2269 omnibus
692 2198 760 2294 (2).

259 2313 399 2382 XXXV.
418 2314 458 2382 ln
465 2311 653 2407 juventute
665 2337 742 2400 sna,
758 2311 960 2384 Ludovicus
974 2311 1082 2384 filiam
1095 2309 1270 2382 Gnidonis

212 2422 339 2514 Rubei,
348 2426 487 2497 comitis
495 2425 541 2498 de
550 2426 746 2525 Rupelorti,
758 2427 998 2525 desponsavit,
1011 2442 1046 2498 et
1054 2425 1269 2498 hereditario

207 2538 288 2634 jure
298 2554 562 2639 competentem
573 2542 781 2613 comitatum
793 2541 979 2638 subjugare
987 2541 1053 2613 sibi
1059 2540 1195 2637 sategit.
1209 2543 1272 2611 Ca·

210 2679 378 2753 preosam
392 2671 427 2728 et
439 2655 770 2729 Mentem-Leherici
786 2672 820 2728 et
837 2657 1112 2746 Betholcortem,
1131 2657 1270 2754 aliaque

211 2770 347 2869 oppida
356 2770 509 2863 obsedit,
524 2772 587 2844 sed
600 2771 717 2844 multis
730 2771 908 2843 nobilibus
920 2772 968 2844 illi
980 2773 1117 2844 sortiter
1126 2770 1271 2843 obstan·

211 2882 328 2975 tibus,
350 2909 425 2958 non
446 2886 616 2975 obtinuit,
640 2887 832 2984 praesertim
853 2889 935 2984 quia
958 2887 1148 2959 Lucianam
1168 2886 1272 2983 virgi·

210 3022 315 3089 nem,
336 3025 445 3098 quam
467 3000 762 3100 desponsaverat,
782 3001 980 3074 Guiscardo
998 3000 1044 3073 de
1062 3001 1271 3074 Bello-Loco

211 3109 439 3212 donaverat(
467 3115 494 3211 ).

244 3408 284 3481 (l)
296 3408 337 3464 Ce
347 3408 444 3482 prince
457 3410 560 3481 dpousn
572 3426 607 3462 en
618 3409 683 3464 effet
694 3406 836 3475 Adela'r'de,
851 3405 905 3462 lille
917 3407 953 3462 de
963 3406 1113 3475 Hnmbert,
1127 3406 1271 3462 deuxieme

212 3493 250 3550 dn
260 3513 337 3565 nom,
351 3495 396 3551 dit
404 3495 431 3550 le
441 3496 591 3567 Renlorce,
603 3497 726 3570 marqnis
736 3495 771 3549 de
780 3494 858 3561 Sese,
871 3505 963 3550 comte
974 3494 1009 3549 dc
1018 3495 1191 3561 Maurienne,
1202 3494 1272 3549 dont

216 3581 294 3638 ileut
305 3582 370 3637 huit
383 3583 490 3639 enlants
502 3608 507 3638 :
520 3594 581 3657 sept
597 3600 711 3657 gargons
723 3594 751 3638 et
763 3601 819 3638 une
831 3581 893 3636 lille.

248 3670 288 3742 (Ξ)
303 3670 381 3725 Nous
391 3688 474 3727 avons
487 3671 549 3743 deja
561 3691 595 3726 vu
610 3671 752 3733 cidessus,
769 3681 788 3726 t.
805 3671 859 3743 tlt,
872 3689 902 3744 p.
915 3671 976 3737 tlt,
991 3689 1030 3725 un
1042 3669 1166 3742 exenrple
1178 3667 1213 3722 de
1226 3684 1270 3721 ees

217 3754 302 3815 (πόει
312 3777 348 3815 en
362 3778 465 3823 masse,
480 3761 537 3815 fort
549 3760 738 3816 incommodes
749 3769 778 3815 et
788 3760 844 3815 fort
855 3778 909 3834 pen
922 3759 1014 3815 utiles.

250 3847 288 3919 (3)
301 3848 513 3905 Leuis-le-Gros
525 3851 596 3905 avait
608 3851 723 3923 epouse,
738 3867 772 3903 en
781 3853 864 3916 not,
879 3850 1031 3916 Lucienne,
1046 3846 1100 3901 lille
1110 3846 1145 3901 de
1155 3844 1270 3904 Gui-le·
