2888 4934
192 402 250 464 teo
467 400 650 461 HISTORIA
672 400 975 462 ECCLESIASTICA.
1053 404 1135 478 [usto
1154 405 1251 481 1102]

178 533 312 629 sortes,
330 560 436 607 arma
450 535 589 622 sumite,
604 547 641 604 et
655 549 780 604 eontra
796 534 956 605 inimicos
969 539 1129 606 omnium
1144 532 1246 607 bono·

190 676 271 721 rum
287 653 472 745 insigniter
487 653 666 749 iruurgite.
687 647 750 722 Ad
753 647 965 745 faciendam
986 650 1155 723 ultionem
1178 655 1248 725 Dei

192 765 339 838 viriliter
363 768 575 854 armamini,
601 768 705 838 sociis
730 767 1095 865 appropinquantibus
1127 768 1247 841 urbem

190 879 414 980 egredirru'ni,
425 880 571 981 fideque
582 879 714 977 sortes,
737 884 775 954 in
791 885 862 954 Dei
868 886 1088 981 protectione
1096 886 1247 982 prulia-

191 999 290 1068 miui.
312 996 474 1094 injurias
488 1013 619 1069 rostras
634 1014 672 1069 et
684 997 818 1070 damna
835 997 1041 1071 medullitus
1058 1014 1244 1086 recensete,

189 1136 385 1209 manusque
411 1129 541 1185 vestras
571 1111 670 1184 laud
694 1138 817 1212 segnes
843 1118 999 1186 sentiant
1024 1113 1244 1213 alienigena.

189 1227 407 1325 Stephanum
430 1231 590 1300 comitem
618 1245 656 1299 et
676 1233 899 1327 Harpinum,
920 1230 1078 1328 altosque
1101 1254 1251 1330 magnos

188 1343 337 1416 barones
350 1360 581 1441 peremerunt
591 1376 606 1433 ;
626 1349 781 1445 egregios
801 1347 931 1419 milites
950 1362 989 1418 et
1002 1345 1163 1418 drutores
1191 1371 1251 1419 no·

187 1478 280 1533 stros
296 1459 394 1533 nobis
410 1461 638 1535 abstulerunt.
663 1470 839 1550 Ramnes,
866 1488 946 1535 curn
962 1463 1130 1557 lacrymis
1146 1461 1245 1551 eliso,

188 1576 312 1678 quibus
327 1579 489 1684 meliores
514 1583 667 1678 reperr'ri
686 1596 861 1679 nequeunt
886 1583 924 1650 in
947 1578 1090 1651 maredo.
1119 1584 1253 1650 Recens

188 1694 290 1767 dolor
305 1693 349 1767 de
365 1710 478 1767 morte
492 1699 687 1767 amicorum
703 1698 906 1789 inflammet
923 1719 990 1782 ros,
1015 1709 1054 1764 et
1068 1691 1254 1765 exacerbet

189 1810 239 1883 ael
250 1813 448 1909 perniciem
473 1814 710 1883 inimicorum.
738 1810 866 1899 David,
876 1808 1075 1904 fortissimi
1094 1812 1201 1906 regis,
1217 1825 1255 1881 et

190 1926 342 1998 militum
365 1927 443 2024 ejus
459 1954 469 1996 :
485 1926 573 1999 loab
593 1943 632 1999 et
642 1925 778 2015 Abisai,
796 1928 941 1998 Banaiae
953 1940 987 1996 et
1007 1927 1102 1996 Uria
1120 1924 1252 2013 Etleuam

188 2040 349 2114 lonatlrae
369 2056 407 2113 et
417 2040 518 2114 tude
533 2040 739 2127 Maniolai,
758 2040 948 2112 multorum
968 2043 1077 2110 etiam
1092 2039 1136 2110 de
1148 2053 1254 2138 geute

191 2155 588 2254 restrapraedioaln'lium
593 2156 808 2228 athletarum
819 2158 1100 2227 reminiscemini.
1111 2160 1257 2227 Exeun-

192 2286 242 2343 tes
256 2271 338 2344 lrirte
350 2270 576 2344 exordiemur
586 2298 763 2371 pugnare,
783 2288 820 2343 et
832 2272 1096 2366 lerosolyna'taa
1110 2274 1176 2371 qui
1189 2295 1255 2343 no·

189 2384 241 2457 bis
252 2390 434 2484 suppetias
450 2391 607 2474 veniunt,
634 2387 825 2486 allophilos
831 2386 973 2483 ferient
982 2412 1029 2458 ee
1044 2385 1119 2457 alra
1130 2401 1252 2484 parte.

190 2504 308 2573 Fortis
328 2502 545 2574 Emmanuel
567 2502 665 2575 arlsit
685 2501 788 2592 vobis,
808 2503 914 2593 filius
939 2518 1070 2574 sanetae
1095 2502 1257 2600 Virginis

192 2620 337 2709 Maria,
357 2624 435 2690 Rea
454 2634 563 2689 vester
579 2635 617 2691 et
625 2621 792 2717 pravius,
810 2644 949 2716 suaeque
967 2620 1113 2688 inrieuts
1129 2614 1256 2713 desen-

191 2760 252 2805 sor
266 2732 453 2806 Ecclesiae!

240 2855 377 2923 Interea
403 2849 655 2945 lerosolymitae
680 2849 825 2922 castello
847 2847 992 2920 Ernaldi
1018 2848 1257 2945 appropiave-

192 2980 289 3057 runt,
310 2983 346 3038 et
362 2966 489 3039 vexilla
502 2990 629 3039 eorum
642 2967 762 3037 Turois
780 2979 1036 3064 apparuerunt.
1061 2963 1258 3036 Balduinus

192 3096 311 3153 autem
330 3106 388 3153 rex
403 3098 439 3155 et
454 3086 651 3182 Joppenses
663 3096 822 3154 sanctam
836 3084 987 3152 Crucem
1005 3079 1151 3149 Domini
1168 3078 1259 3149 ado·

193 3210 380 3285 raverunt,
404 3197 589 3295 ipsamque
609 3221 731 3269 secum
748 3196 920 3283 ferentes,
945 3195 1071 3265 armati
1091 3193 1260 3291 protinus

193 3310 441 3409 prosilierunt,
466 3328 503 3383 et
526 3313 727 3385 terribiliter
748 3314 902 3384 inermes
924 3326 1111 3409 percutere
1135 3333 1260 3410 coepe-

95 3453 97 3460 ¹
193 3443 288 3499 runt.
312 3433 422 3500 Porro
442 3427 628 3524 Allophili‚
649 3444 689 3500 ut
704 3427 789 3500 hinc
805 3442 841 3499 et
861 3427 945 3500 inde
964 3427 1031 3498 sibi
1045 3426 1182 3498 bellum
1202 3429 1258 3497 in-

193 3568 337 3638 surgere
347 3543 526 3636 viderunt,
538 3544 702 3643 imparati
714 3559 750 3616 et
761 3558 924 3642 expertes
935 3542 1086 3632 consilii,
1103 3556 1260 3614 terrente

194 3662 289 3746 Dea,
310 3659 429 3754 lugam
446 3660 621 3746 inierunt,
641 3674 690 3748 et,
709 3660 842 3731 similes
858 3660 1033 3731 exercitus
1060 3657 1256 3746 Olofernis,

196 3773 329 3869 aequale
353 3775 589 3845 infortunium
614 3777 773 3872 perpessi
798 3791 892 3847 sunt.
919 3773 1113 3845 Balduinus
1138 3774 1262 3870 itaque

196 3915 255 3962 rex
274 3905 310 3960 et
326 3891 516 3962 Christiani
528 3890 698 3962 Ethnicos
717 3918 829 3989 usque
848 3891 894 3963 ad
909 3890 1118 3963 Ascalonem
1135 3913 1260 3989 perse·

196 4006 267 4078 cuti
284 4022 379 4097 sunt,
396 4022 430 4077 et
443 4006 565 4078 ultima
573 4032 722 4104 quaeque
736 4007 973 4095 debilitantes,
992 4029 1160 4102 magnam
1176 4019 1262 4076 stra·

196 4148 275 4217 gem
290 4125 461 4212 lecerunt,
476 4139 512 4194 et
525 4125 683 4220 captivos
699 4148 839 4213 omnes,
860 4149 953 4222 quos
965 4123 1013 4194 illi
1033 4121 1172 4193 vinctos
1187 4121 1262 4192 mi-
