2888 4934
194 427 255 486 aas
380 426 386 433 ·
468 424 651 485 nts'roan
675 421 978 485 metesinum.
1146 421 1252 498 [1107]

193 580 235 628 ac
260 553 349 628 filias
374 580 416 627 ex
445 555 629 654 pellicibus
652 555 772 655 plures
799 555 920 652 genuit
944 553 1012 651 (t).
1040 550 1253 624 Vehementi

193 669 521 768 pollensindustria,
535 671 717 742 saeculares
727 685 881 768 quaestus
892 666 1250 769 multipliciterauxit,

192 801 228 858 et
260 787 420 882 ingentes
453 785 638 859 thesauros
672 785 1002 884 concupiscibilium
1033 783 1101 855 sibi
1132 804 1253 854 rerum

191 903 424 974 coacervavit.
448 905 603 972 Omnem
626 900 780 972 ferarum
799 902 1026 972 venationem
1044 898 1157 971 totius
1178 901 1254 967 An·

192 1016 267 1112 gliae
288 1016 353 1088 sibi
376 1016 592 1115 peculiarem
613 1015 823 1104 vindicavit;
844 1015 956 1114 pedes
975 1016 1080 1087 etiam
1098 1036 1252 1099 canum,

191 1132 252 1227 qui
270 1132 305 1202 in
323 1132 453 1203 vicinio
470 1130 639 1204 silvarum
657 1130 902 1218 morabantur,
925 1155 968 1202 es
988 1143 1089 1227 parte
1107 1125 1255 1226 procidi

192 1248 291 1335 secit3
314 1262 349 1319 et
365 1249 424 1320 vix
441 1248 564 1346 paucis
582 1245 819 1318 nobilioribus
839 1270 880 1317 ac
898 1243 1128 1318 familiaribus
1143 1241 1254 1341 privi-

190 1362 322 1460 legium
340 1365 375 1435 in
394 1364 549 1462 propriis
567 1362 711 1435 saltibus
729 1361 884 1435 venandi
895 1361 1066 1460 permisit.
1083 1359 1255 1431 Curiosus

190 1493 443 1576 perscrutator,
458 1480 580 1552 omnia
594 1476 839 1574 investigabat,
860 1491 894 1548 et
911 1476 1030 1548 audita
1046 1474 1164 1547 tenaci
1180 1497 1256 1545 me·

114 1635 122 1650 ·
191 1595 311 1666 rnoriae
323 1594 602 1667 commendabat
611 1587 826 1691 (2).Omnia
837 1592 1083 1663 ministrorum
1094 1604 1132 1661 et
1142 1587 1257 1686 digni·

190 1722 304 1780 tatum
317 1710 460 1806 negotia
472 1711 562 1781 scire
576 1707 730 1796 volebat,
743 1723 779 1779 et
788 1719 936 1780 eventus
946 1706 1064 1778 varios
1077 1702 1253 1790 Albiouis,

190 1849 252 1894 seu
269 1825 454 1915 Neustriae,
474 1824 586 1897 solers
604 1823 749 1912 arbiter,
770 1821 992 1895 discutiebat.
1012 1820 1141 1893 abdita
1157 1838 1255 1918 que·

189 2121 245 2176 aliu
260 2121 296 2178 tle
311 2123 429 2196 pouvoir
445 2124 558 2179 aebeter
575 2134 668 2178 tontes
685 2123 724 2179 les
743 2121 888 2189 delatione,
911 2123 951 2177 les
970 2123 1151 2195 corruptions
1169 2132 1199 2178 et
1216 2120 1255 2178 les

190 2209 345 2283 trahisons,
358 2211 427 2286 qu'il
438 2212 511 2266 avait
522 2212 680 2285 organisecs
693 2230 742 2266 sur·
755 2230 809 2266 nne
823 2212 845 2267 sl
858 2223 932 2268 vaste
944 2210 1060 2266 echelle.

225 2299 267 2368 (l)
280 2298 358 2354 Nous
372 2298 476 2355 devous
488 2318 650 2375 remarquer
662 2316 726 2374 que,
742 2301 764 2354 si
777 2311 857 2356 notre
869 2311 969 2355 auteur
982 2319 998 2353 a
1009 2311 1075 2372 trop
1088 2310 1208 2354 sourent
1220 2316 1256 2353 vu

191 2403 255 2442 sous
267 2405 306 2441 un
316 2387 384 2459 jour
396 2386 535 2441 lavorable
550 2387 590 2442 les
602 2398 676 2442 actes
690 2388 730 2442 les
745 2387 808 2461 plus
825 2387 1047 2462 reprehensibles
1057 2387 1094 2442 de
1105 2388 1197 2444 Henri
1210 2387 1254 2451 l',

189 2473 210 2527 il
227 2490 305 2547 passe
323 2474 359 2529 ici
377 2474 645 2530 tres-franchement
660 2476 876 2531 condamnation
893 2495 941 2530 eur
958 2475 997 2531 les
1013 2475 1162 2532 desordres
1177 2470 1257 2532 dela

187 2562 232 2615 vie
245 2560 281 2616 de
298 2578 329 2616 ee
346 2563 452 2635 prinae.
473 2560 497 2614 ll
513 2560 578 2616 u'en
594 2581 610 2616 a
627 2580 675 2636 pas
693 2565 738 2618 e'te
754 2561 790 2618 de
808 2563 899 2618 meme
915 2563 951 2617 de
966 2573 1031 2617 tous
1046 2561 1086 2618 les
1101 2560 1256 2619 historiens

188 2651 423 2724 contemporains.
439 2649 538 2719 Vnici,
554 2670 605 2724 par
618 2651 757 2725 exemple,
770 2651 796 2706 la
810 2651 961 2725 siuguliere
976 2651 1103 2724 apologie
1117 2669 1176 2726 que
1187 2668 1256 2708 nous

188 2737 273 2793 lisons
284 2739 353 2793 daus
364 2738 528 2794 Guillanme
540 2740 576 2794 de
590 2740 777 2811 Malmesbury
792 2763 798 2793 ι
816 2739 945 2794 Omnium
959 2749 1017 2794 tota
1029 2743 1086 2794 vita
1095 2739 1256 2796 obscenita-

189 2835 247 2880 tum
262 2826 474 2898 cupidinearum
491 2846 606 2899 expers,
628 2830 761 2901 quoniam
778 2832 825 2895 (ut
840 2844 859 2881 a
875 2829 993 2882 censebis
1009 2826 1186 2898 accepturus)
1200 2843 1256 2885 Mn

188 2915 291 2991 effrem
303 2917 457 2989 voluptate,
475 2916 530 2972 sed
541 2917 693 2991 gignendo·
707 2917 796 2988 prolis
807 2934 914 2983 amore,
933 2917 1078 2971 mulierum
1092 2917 1201 2989 gremio
1210 2917 1256 2971 in·

178 3003 365 3074 funderetur,
382 3025 434 3061 nec
449 3005 617 3079 dignaretur
629 3005 747 3060 advenas
762 3003 943 3059 delectationi
953 3005 1080 3077 proebere
1092 3021 1255 3068 maenam,

188 3095 244 3144 nisi
254 3092 305 3146 ubi
314 3112 407 3148 semen
420 3096 528 3167 regium
537 3093 689 3166 procedere
701 3102 797 3165 posset
806 3096 836 3146 in
846 3092 994 3169 effectum,-
1005 3092 1160 3170 effimdens
1171 3100 1258 3148 natat·

189 3197 251 3232 ram
263 3189 293 3232 ut
304 3179 449 3244 dominus,
463 3200 519 3235 non
532 3181 728 3254 obtemperans
740 3181 852 3235 libidini
862 3191 893 3236 ut
894 3181 1039 3254 santulus.
1222 3182 1226 3191 “

225 3264 261 3336 (2)
272 3266 297 3319 N
299 3277 360 3321 otre
371 3278 472 3322 auteur
483 3268 574 3321 aurait
585 3287 623 3341 pu
634 3269 742 3339 ajouter
752 3286 807 3342 que
814 3278 887 3324 cette
895 3269 1028 3324 curiosite
1038 3268 1188 3324 s’etentlait
1197 3267 1261 3342 jus-

188 3355 252 3428 qu'a
266 3354 402 3411 l’bistoire
416 3355 562 3412 naturelle.
576 3356 616 3412 Cc
627 3356 724 3430 prinae
738 3358 810 3411 avait
826 3359 889 3411 cre'e
903 3361 919 3411 i
936 3357 1110 3412 Woodstoclt
1126 3374 1183 3412 une
1197 3358 1259 3412 me·

189 3442 316 3514 nagerie,
329 3442 398 3497 dans
409 3443 527 3517 laquelle
540 3443 560 3497 il
573 3445 738 3499 nourrissait
748 3443 797 3499 des
811 3443 896 3510 lions,
912 3443 961 3498 des
973 3443 1115 3518 leopards,
1127 3445 1177 3502 des
1189 3442 1259 3500 elta·

188 3545 300 3595 meaux,
319 3529 369 3585 des
380 3529 460 3602 lynx,
479 3531 549 3585 mais
566 3541 728 3586 surtout‘un
745 3533 890 3603 pore-spic
906 3535 1011 3604 envoyai
1026 3550 1078 3605 par
1093 3532 1258 3588 Guillaume

189 3616 224 3671 de
238 3618 427 3692 Montpellier‚
446 3630 475 3676 et
488 3618 558 3674 dont
573 3619 737 3676 Guillaume
750 3618 786 3674 de
799 3619 986 3691 Malmesbury
1001 3638 1036 3673 ne
1051 3617 1130 3690 parle
1145 3618 1259 3692 qu’avec

188 3724 244 3761 une
265 3707 433 3764 admiration
451 3720 529 3764 toute
549 3709 738 3782 particulitre.
752 3710 789 3763 Le
810 3709 852 3764 roi
872 3709 1008 3763 attachait
1027 3726 1067 3761 un
1086 3706 1177 3787 grand
1195 3709 1259 3782 prix

189 3795 241 3849 ala
255 3798 409 3869 possession
421 3798 456 3853 de
466 3816 512 3853 ces
524 3798 669 3865 animans,
684 3815 720 3852 en
736 3795 898 3852 demandait
913 3815 977 3852 avec
989 3797 1114 3850 instance
1125 3813 1180 3851 aua
1191 3813 1258 3852 sou·

189 3887 297 3940 veraius
310 3904 375 3941 avec
390 3886 509 3961 lesquels
523 3889 543 3941 il
556 3887 624 3942 etait
635 3906 670 3941 en
684 3887 815 3953 relation,
830 3897 858 3941 et
872 3886 910 3941 les
922 3887 1041 3942 recevait
1051 3904 1116 3941 avec
1127 3903 1186 3941 nne
1198 3887 1258 3942 vive

190 3976 426 4032 reconnaissance.
440 3977 540 4032 C'etait
549 3976 607 4030 l’un
617 3976 667 4030 des
674 3993 789 4048 moyens
800 3976 839 4030 les
850 3975 912 4049 plna
922 3974 1044 4030 efficaces
1054 3975 1090 4031 de
1099 3975 1141 4031 lui
1149 3976 1221 4032 faire
1229 3993 1258 4032 sa

191 4081 271 4132 cour,
282 4074 311 4118 et
320 4063 476 4120 l'historien
488 4082 636 4138 remarque
648 4081 703 4137 que
711 4064 792 4131 Paul,
803 4074 894 4119 comte
905 4063 954 4117 des
965 4063 1099 4132 Orcades,
1110 4063 1258 4139 l’employa

192 4162 317 4205 souvent.
