3178 5052
297 437 338 496 92
571 434 757 499 ntstottts
777 434 1083 502 ncctnsttsrtca
1249 445 1357 522 [1100]

297 570 494 674 prudenter
506 585 543 644 et
557 571 750 647 commode
762 571 970 646 moderatus
984 587 1056 664 est,
1074 595 1117 644 ac
1129 571 1223 646 inter
1234 577 1357 672 praeci·

297 710 390 786 puos
413 686 522 760 totius
538 685 808 762 Christianitatis
824 689 1022 789 principes,
1042 686 1192 762 obtentu
1208 691 1306 788 pacis
1322 705 1357 763 et

293 801 436 898 justitia
444 799 593 900 fulgens,
601 804 748 902 insignis
755 801 967 878 habitusest.
980 808 1020 876 In
1029 801 1236 902 diebusejus
1243 803 1359 878 Eccle-

297 916 349 990 sia
362 917 428 990 Dei
439 916 570 990 divitiis
584 933 619 992 et
629 917 831 992 bonoribus
844 919 1007 992 alacriter
1019 919 1176 1010 emicuit,
1193 933 1228 992 et
1240 921 1359 992 omnis

298 1032 391 1106 ordo
413 1033 660 1134 religiosorum
683 1035 729 1109 ad
753 1035 898 1109 laudem
919 1037 1094 1109 Creatoris
1117 1036 1358 1136 multipliciter

297 1147 421 1220 crevit.
432 1153 510 1222 Hoc
523 1150 692 1224 monachi
703 1166 739 1224 et
754 1149 874 1224 clerici
888 1165 1111 1240 attestantur,
1126 1153 1189 1249 qui
1205 1175 1357 1225 numero

297 1279 334 1338 et
350 1265 579 1360 sublimitate,
592 1293 636 1343 ec
655 1283 839 1368 regnante,
852 1269 1150 1368 multiplicantur3
1171 1269 1242 1342 boc
1257 1268 1359 1341 bere·

297 1381 393 1456 mitae
404 1384 534 1458 merito
544 1383 733 1485 perhibere
745 1400 910 1484 possunt,
922 1386 984 1484 qui
996 1386 1166 1458 silvarum
1176 1383 1359 1458 condensa

296 1511 547 1596 prosternunt,
567 1514 621 1592 et,
639 1502 765 1574 erectis
779 1502 1080 1576 monasteriorum
1093 1517 1129 1575 et
1144 1500 1360 1602 palatiorum

297 1613 443 1687 excelsis
455 1613 685 1707 culminibus,
698 1615 749 1688 ibi
761 1615 970 1716 tripudiant,
982 1631 1017 1690 et
1028 1616 1178 1715 gloriam
1189 1619 1267 1688 Deo
1276 1639 1359 1688 cum

297 1727 490 1804 dulcedine
510 1733 642 1806 mentis
657 1733 850 1824 cantitant,
869 1732 933 1804 ubi
950 1732 1137 1831 quondam
1152 1730 1291 1830 exleges
1307 1729 1359 1804 la·

298 1845 471 1938 trunculi,
482 1847 530 1920 ad
538 1872 648 1922 omne
656 1848 756 1923 nefas
766 1847 1025 1950 peragendum,
1036 1847 1174 1922 latitare
1180 1845 1356 1921 solebant.

348 1963 567 2064 Aprincipio
584 1965 686 2064 regni
698 1966 754 2038 sui
770 1989 897 2038 omnes
915 1964 982 2038 sibi
999 1967 1179 2065 sapienter
1197 1963 1361 2036 concilia·

298 2078 370 2168 vit,
389 2100 432 2150 ac
449 2076 495 2150 ad
515 2102 678 2152 amorem
699 2081 756 2152 sui
772 2078 949 2178 regalibus
965 2079 1219 2153 munificentiis
1235 2078 1362 2150 invita·

298 2191 361 2264 rit.
382 2194 580 2291 Optimates
598 2194 653 2292 (l)
668 2194 766 2268 enim
782 2193 985 2293 benigniter
998 2195 1205 2284 bonoravit,
1222 2218 1310 2291 opes
1326 2209 1362 2266 et

299 2305 456 2382 honores
473 2307 541 2382 illis
551 2309 662 2401 auxit,
678 2311 776 2384 etsie
789 2334 852 2384 eos
863 2308 1033 2383 leniendo
1045 2308 1214 2382 fidossibi
1230 2307 1357 2381 effecit.

298 2419 483 2519 Subjectas
501 2448 588 2497 vero
604 2423 725 2525 plebes
746 2425 850 2523 justis
866 2425 1004 2524 legibus
1024 2425 1116 2500 datis
1132 2424 1239 2514 fovit,
1263 2436 1299 2496 et
1316 2421 1363 2495 ab

299 2539 430 2639 iniquis
455 2540 678 2615 exactoribus
706 2555 813 2642 atque
841 2541 1070 2643 praedonibus
1100 2538 1361 2642 patrocinando

299 2655 465 2754 protexit.
493 2657 551 2730 Sic
571 2655 733 2730 sublimis
749 2660 918 2757 patricius
940 2659 1032 2732 inter
1049 2681 1176 2730 omnes
1191 2655 1363 2729 occiduos

299 2771 466 2846 consules
491 2786 527 2846 et
546 2797 742 2872 regnorum
769 2789 927 2848 rectores
956 2772 1103 2865 effulsit,
1127 2772 1364 2868 omniumque

301 2884 471 2978 favorem,
491 2903 565 2963 tam
582 2888 794 2964 clericorum
810 2914 920 2988 quam
936 2889 1130 2980 laicorum,
1146 2889 1209 2987 qui
1225 2889 1363 2961 ratione

301 3006 375 3102 regi
388 3005 612 3102 gaudebant,
631 3008 842 3108 promeruit.

350 3121 520 3196 viduatas
545 3124 747 3224 pastoribus
777 3122 942 3198 ecclesias
965 3122 1145 3196 consolari
1174 3119 1303 3218 coepit,
1330 3130 1367 3191 et

303 3236 462 3310 eruditos
483 3238 549 3311 illis
571 3240 754 3330 doctores,
774 3240 959 3313 seniorum
975 3237 1161 3326 consultu,
1180 3232 1363 3334 imposuit.

304 3355 393 3425 Nam
407 3353 612 3443 Guillelmo‚
626 3370 868 3452 cognomento
882 3353 1029 3426 Gifardo
1043 3353 1115 3452 (2),
1131 3353 1193 3450 qui
1209 3347 1369 3425 defuncti

341 3653 381 3722 (4)
397 3649 447 3709 Gl.
461 3651 514 3708 int.
527 3675 533 3706 :
548 3651 649 3730 affines
661 3662 689 3708 et
701 3655 794 3710 utiles.

340 3740 380 3811 (2)
397 3739 437 3796 Ca
457 3740 548 3813 pretet
565 3740 626 3798 doit
642 3743 720 3799 avoir
737 3753 893 3816 appartenu
910 3747 925 3798 4
942 3742 969 3797 la
986 3741 1091 3797 familie
1107 3740 1156 3795 des
1173 3741 1317 3813 seigneurs
1336 3733 1372 3791 de

307 3827 501 3902 tanguntur,
515 3841 620 3887 comtes
631 3830 667 3887 de
678 3830 883 3904 buchingham.
896 3831 921 3888 Il
933 3833 977 3887 fut
991 3828 1152 3886 chancelier
1162 3828 1198 3884 de
1213 3827 1283 3883 trois
1295 3824 1352 3880 rois
1364 3847 1370 3877 ι

306 3914 468 3974 Guillaume
481 3918 526 3987 1“‚
539 3917 609 3974 dans
621 3917 660 3974 les
672 3918 799 3974 derniers
811 3919 946 3992 tampade
956 3919 1052 3986 sarie,
1065 3914 1230 3974 Guillanme
1241 3915 1269 3968 ll
1281 3914 1376 3984 (4003·

307 4009 404 4077 4400),
422 4007 510 4062 Henri
531 4009 565 4061 1⁴¹
581 4009 771 4080 (4400-4408).
791 4007 909 4080 N'ayant
928 4025 975 4082 pas
991 4007 1105 4080 accepte
1122 4003 1212 4059 d’etre
1230 4003 1308 4056 sacre
1325 4017 1375 4072 par

308 4090 499 4170 l’arcbertique
511 4095 623 4165 d'Yorlt,
636 4095 657 4151 il
667 4097 759 4169 quitto
772 4095 958 4170 l‘Angleterre
971 4113 1035 4151 avec
1048 4095 1121 4150 saint
1133 4091 1275 4156 Anselme,
1289 4098 1319 4145 et
1330 4086 1375 4158 n'y

309 4193 403 4239 rentra
415 4185 499 4259 qu'en
512 4185 602 4242 meme
616 4196 707 4260 temps
718 4203 774 4260 que
786 4186 836 4242 lui.
