2888 4934
187 438 295 516 [nos]
523 431 645 497 uene
665 436 905 500 unnncrnus.
1184 443 1244 505 res

189 576 443 667 argentomum
451 581 619 655 oestmm,
637 571 801 666 sagiense
815 572 1049 669 episcopium,
1060 586 1098 645 et
1105 572 1243 646 Golser·

186 710 275 761 uum
298 685 443 759 saltum.
463 687 563 757 Tunc
584 685 753 758 nimirum
776 687 939 785 praefatus
960 686 1054 759 lanio
1076 689 1112 760 in
1132 693 1243 763 Neus-

188 805 289 875 trem
310 800 613 933 trepst'retaverat,
639 816 675 873 et
696 804 836 875 Pontivi
858 803 1065 877 comitatum
1083 804 1131 876 ad
1153 824 1246 903 opus

184 916 369 991 Guillelnn
391 915 563 989 talavacii
588 915 812 1007 obtinuerat,
845 920 929 1016 quia
953 919 1090 1008 Gnido,
1125 942 1246 1001 eomes

190 1030 436 1121 Abbatisville,
454 1056 558 1105 socer
572 1031 661 1127 ejus,
677 1031 816 1113 obierat
829 1034 896 1130 (l).
915 1035 1077 1131 Denique
1093 1035 1179 1125 dux,
1193 1037 1247 1107 in·

187 1147 452 1250 crepationibus
476 1146 724 1244 hujuscemodi
746 1148 996 1239 meticulosus,
1021 1149 1248 1227 emendatio·

188 1260 442 1339 nemomnium
451 1261 1249 1363 humiliterspopondit.Constitutumquoque

189 1377 253 1451 sibi
264 1377 417 1474 vectigal
430 1376 539 1450 trium
552 1376 702 1450 millium
714 1377 886 1451 librarum
902 1380 1116 1478 supplicanti
1133 1406 1175 1453 er
1192 1382 1248 1453 iu·

187 1493 324 1567 dustria
345 1495 473 1590 reginoe
494 1478 652 1571 indulsit.
674 1494 834 1566 Placetne
857 1496 977 1592 itaque
998 1521 1058 1568 rex
1082 1520 1166 1568 cum
1188 1497 1248 1569 illo

188 1609 380 1682 amicitiam
395 1607 637 1699 confirmavit,
655 1610 845 1709 pristinum
861 1611 976 1684 soedus
993 1613 1195 1701 renovavit,
1214 1627 1250 1685 et

187 1724 647 1798 GuillelmodeGuarenna
657 1724 851 1822 Sutbregiae
863 1727 1072 1800 comitatum
1084 1727 1246 1801 restituit

184 1840 398 1915 Guillelmus
410 1856 541 1932 autem,
561 1856 752 1939 postquem
764 1855 955 1939 paternum
965 1841 1037 1938 jus,
1053 1830 1155 1939 quod
1166 1843 1249 1914 insi-

188 1958 327 2058 pienter
336 1957 760 2055 amiserttffecuperarit,
773 1982 839 2056 per
849 1981 964 2029 mut
976 1981 1105 2048 annos,
1120 1956 1251 2053 quibus

189 2073 294 2147 simul
302 2074 483 2164 vixerunt,
491 2073 627 2146 utiliter
635 2074 837 2172 castigatus,
849 2074 923 2170 regi
932 2073 1248 2165 fideliteradhaesit‚

189 2191 328 2262 etinter
339 2190 536 2289 praecipuos
545 2215 585 2262 ac
594 2190 780 2262 familiares
789 2191 924 2262 amicos
932 2189 1247 2263 liabituseffloruit.

233 2304 377 2378 Deinde
403 2305 602 2377 Rodbertus
628 2305 701 2377 dux
729 2307 765 2377 in
794 2307 1050 2378 Norrnanniam
1076 2331 1252 2402 regressus

187 2436 262 2512 est,
287 2435 324 2492 et
348 2419 596 2519 despicabilior
619 2444 726 2517 quam
752 2436 855 2493 antea
876 2421 990 2493 fuerat
1011 2423 1083 2493 suis
1108 2421 1252 2493 effectus

189 2550 252 2609 oet.
282 2539 326 2606 ln
353 2534 423 2607 hac
448 2536 545 2607 enim
576 2535 795 2633 proiectione
822 2535 932 2627 nihil',
958 2537 1026 2608 nisi
1057 2552 1193 2609 metum
1218 2551 1252 2607 et

189 2648 350 2723 laborem
368 2665 473 2746 atque
490 2649 660 2738 dedecus,
684 2649 751 2722 sibi
766 2650 921 2723 lucratus
939 2667 1004 2722 est.
1024 2655 1096 2723 Rex
1113 2666 1249 2736 autern,

189 2765 408 2839 inomnibus
421 2767 655 2865 prosperitate
674 2767 809 2863 vigens
829 2766 1026 2839 admodum
1044 2765 1254 2837 sublimatus

191 2896 252 2973 est,
269 2896 306 2955 et
318 2882 429 2979 longe>
440 2882 581 2979 lateque
597 2880 643 2953 de
662 2881 724 2953 illo
741 2882 835 2954 sama
851 2881 1035 2970 volitante,
1054 2907 1119 2980 per
1136 2907 1172 2951 rv
1191 2881 1252 2952 cli·

192 3012 287 3071 mata
300 2996 428 3070 mundi
444 2997 538 3068 inter
553 2998 729 3068 maximos
745 3021 845 3093 reges
864 2996 1068 3067 nominatus
1084 3011 1147 3068 est.
1168 2995 1252 3068 Nul-

191 3110 243 3184 lua
258 3136 306 3184 eo
322 3111 390 3183 fuit
410 3136 473 3183 rex
495 3112 532 3182 in
555 3111 714 3182 Albionis
733 3135 844 3206 regno
867 3111 1062 3208 potentior,
1087 3135 1154 3183 nec
1178 3137 1254 3184 am·

192 3225 365 3325 plitudine
404 3240 580 3297 terrarum
616 3224 705 3297 inira
741 3225 893 3297 insulam
925 3225 1154 3324 locupletior,
1188 3252 1254 3299 nec

191 3338 411 3413 abundantia
436 3339 600 3411 omnium
629 3366 749 3412 rerum
779 3366 858 3438 quae
888 3341 1098 3412 mortalibus
1125 3365 1254 3440 suppe-

194 3471 284 3545 tunt,
305 3456 441 3530 felicior
452 3456 519 3553 (2).
537 3461 613 3528 Hoc
627 3457 663 3528 in
678 3455 991 3552 subsequentibus,
1007 3458 1037 3528 si
1049 3457 1121 3528 vitu
1134 3481 1255 3528 comes

223 3739 263 3808 (l)
277 3739 335 3794 Gui
347 3738 390 3806 1⁸¹,
403 3747 495 3793 comte
508 3735 543 3791 de
558 3735 715 3803 Ponthieu,
730 3736 880 3810 bean-pere
891 3736 926 3792 de
937 3735 1101 3792 Gnillanme
1112 3735 1219 3790 Taleae.

225 3827 265 3898 (2)
278 3826 369 3881 Notre
386 3830 487 3881 auteur
503 3837 546 3881 est
561 3823 648 3881 fonde
664 3828 680 3880 a
698 3825 831 3899 regarder
847 3824 935 3880 lienri
953 3824 988 3878 l“
1004 3841 1113 3878 comme
1131 3822 1189 3876 l‘un
1208 3820 1256 3875 des

197 3914 302 3984 prinaes
320 3913 360 3969 les
376 3914 441 3988 plus
461 3915 609 3987 puissants,
629 3912 668 3968 les
686 3912 750 3986 plus
767 3915 868 3979 riches,
891 3912 930 3968 les
947 3912 1010 3984 plus
1028 3911 1169 3966 chanceux
1189 3908 1257 3962 dans

198 3998 266 4056 leurs
284 4003 464 4077 entreprises,
485 4004 535 4077 qui
555 4003 631 4057 aient
652 4001 753 4073 jemai·
776 4004 858 4074 porte
881 4000 907 4055 le
932 4011 1041 4073 sceptro
1064 4000 1256 4070 Britannique.

198 4088 287 4158 Quant
304 4094 320 4144 t
336 4101 381 4146 cet
397 4103 477 4146 autre
491 4092 631 4159 bonbeur,
647 4091 713 4146 bien
731 4100 890 4146 entrement
905 4088 1052 4157 desireble,
1074 4090 1123 4162 qui
1144 4086 1202 4141 nait
1219 4083 1257 4138 du

196 4193 274 4250 repes
288 4179 324 4234 de
337 4179 362 4234 la
376 4182 536 4236 conscience
548 4191 577 4236 et
589 4180 624 4236 de
637 4179 660 4233 la
678 4181 739 4253 pain
751 4179 788 4235 dc
800 4178 889 4246 Primo,
911 4196 981 4233 nous
997 4178 1100 4233 decons
1117 4178 1178 4231 dire
1191 4174 1258 4249 qu'il
