2888 4934
52 4268 171 4296 ⁴.—

334 453 395 513 mo
605 451 785 511 ursionis
809 451 1114 514 acutissimum.
1283 457 1381 536 [iret]

333 583 541 680 sanguinem
564 584 772 654 Sanctorum
799 582 989 671 ulciscens,
1013 585 1121 659 Balad
1142 585 1384 679 interfecitfet

331 702 408 797 ipse
430 721 496 797 pro
520 696 659 769 Christo
685 697 811 769 devote
833 698 1006 771 dimicans
1029 700 1182 798 gloriose
1205 701 1382 776 occubuit.

332 813 507 886 Vexillum
534 813 609 909 ejus
634 813 670 884 in
697 836 848 912 corpore
876 812 981 885 Balad
1008 828 1188 913 repertum
1214 831 1286 907 est3
1318 820 1385 915 qu'n

333 930 500 1019 cadente,
525 929 644 1002 dirum
662 942 696 1000 et
716 953 821 1025 grave
837 953 934 1002 onus
946 929 992 1002 de
1008 929 1206 1002 cervicibus
1222 929 1387 1004 Christia-

333 1069 463 1116 norum
481 1043 656 1140 abjectum
674 1057 739 1115 est.
759 1042 811 1114 lbi
832 1058 918 1116 tunc
934 1045 1107 1141 nongenti
1123 1045 1254 1117 milites
1270 1045 1387 1121 Chris·

332 1161 418 1233 tiani
437 1173 561 1232 contra
581 1172 736 1230 trecenta
754 1157 864 1230 millia
882 1162 1103 1255 Pagauorum
1121 1176 1386 1259 pugnaverunt,
1419 1142 1436 1175 ⁵

329 1275 594 1371 fortissimoque
610 1276 687 1344 Deo
704 1272 809 1345 lsrael
826 1296 910 1344 suos
925 1287 1090 1372 potenter
1104 1274 1273 1371 juvante,
1296 1276 1389 1349 vice·

329 1404 426 1463 rint.
453 1393 507 1461 De
526 1386 733 1459 Christianis
757 1412 794 1458 vr
820 1386 948 1459 milites
966 1401 1005 1461 et
1026 1413 1064 1459 xr
1085 1384 1223 1486 pedites
1248 1390 1390 1469 oecide-

328 1488 431 1593 runt,
451 1503 497 1575 de
514 1502 661 1599 Paganis
679 1515 797 1574 autem
812 1526 874 1573 xm
890 1500 999 1572 millia
1015 1525 1103 1575 caesa
1117 1516 1216 1592 sunt,
1233 1500 1390 1602 quorum

328 1621 476 1694 nomina
503 1621 539 1692 in
568 1618 750 1691 matricula
780 1617 887 1691 Balad
910 1619 1037 1716 scripte
1063 1634 1100 1690 et
1123 1619 1269 1692 iuventa
1294 1634 1387 1693 sunt.

328 1735 568 1832 Omnipotens
584 1731 807 1816 Emmanuel,
825 1733 965 1804 intactae
982 1732 1135 1828 Virginis
1153 1730 1263 1822 filius,
1285 1733 1389 1808 felici·

328 1866 384 1921 ter
400 1874 486 1921 suos
503 1849 674 1922 lsraelitas
695 1846 919 1948 confortavit,
940 1847 1112 1944 superatis
1128 1840 1309 1940 hostibus,
1329 1874 1389 1950 per

327 1989 434 2063 quos,
448 1965 555 2037 veluti
569 1965 696 2035 malleo
710 1988 773 2035 seu
788 1963 884 2060 virga
898 1961 1027 2033 furoris
1039 1963 1107 2052 sui,
1122 1985 1206 2036 reos
1216 1988 1390 2062 conquas·

327 2092 478 2168 severat,
496 2078 713 2166 exhilaravit,
729 2092 767 2149 et
781 2091 864 2175 post
878 2075 1149 2148 tribulationum
1161 2090 1390 2176 tempestates

328 2195 573 2291 prosperitatis
586 2192 875 2290 tranquillitatem
888 2191 1138 2291 suppeditavit.
1157 2197 1235 2266 lam
1255 2218 1390 2269 cornua

328 2311 512 2397 Gentium,
532 2310 718 2380 intonante
729 2311 819 2391 Deo,
837 2306 1017 2380 confracta
1033 2323 1128 2400 sunt,
1146 2310 1390 2411 invictumque

328 2447 450 2519 regem
473 2422 628 2494 Sabaoth
651 2421 912 2512 collaudantes,
933 2422 1123 2495 Christiani
1139 2440 1249 2522 caput
1271 2451 1388 2500 erexe-

327 2552 426 2608 runt.

378 2655 482 2724 Gazis
504 2654 560 2750 (l)
589 2653 814 2743 admiralius,
845 2678 958 2754 nepos
981 2669 1018 2727 et
1041 2655 1144 2728 heres
1165 2654 1278 2729 Balad
1302 2657 1390 2754 regis

332 2769 457 2868 aleph,
472 2770 505 2841 ei
522 2770 710 2857 successit;
726 2768 788 2841 sed
802 2770 958 2842 novitate
971 2770 1277 2868 permutationum
1294 2787 1331 2844 et
1340 2771 1390 2844 di·

333 2886 531 2957 minutione
545 2909 710 2981 gazarum
728 2883 839 2956 ardua
857 2899 990 2957 tentare
1002 2900 1037 2957 et
1050 2885 1205 2958 difficilia
1216 2889 1389 2960 sustinere

331 3001 511 3097 nequivit,
538 3025 617 3098 quae
639 3013 839 3071 antecessor
861 3000 937 3096 ejus
961 2998 1069 3097 longo
1094 3026 1158 3073 usu
1181 3003 1390 3075 exercitatus

332 3115 444 3204 inivit,
459 3117 673 3213 ingenioque
687 3115 871 3212 multiplici
880 3115 1011 3188 callens
1023 3117 1127 3188 fortia
1138 3117 1228 3188 ferre
1242 3132 1389 3215 etagme

332 3229 458 3325 potuit.
478 3229 579 3302 Unde
589 3230 692 3301 Gazis
706 3229 915 3301 Balduinum
928 3255 1049 3328 regem
1062 3255 1129 3330 pro
1142 3231 1389 3331 redemptione

332 3357 476 3413 centum
500 3346 755 3442 quinquaginta
778 3343 885 3415 millia
908 3344 1153 3418 bizanteorum
1178 3345 1223 3417 de
1250 3371 1389 3419 caruere

334 3457 484 3548 dimisit,
508 3473 544 3529 et
567 3486 610 3529 xa
632 3459 774 3531 obsides
797 3458 927 3531 electos
947 3460 993 3531 de
1013 3460 1195 3559 praecipuis
1214 3461 1388 3559 lerosoly-

336 3597 477 3643 morum
504 3588 539 3643 et
564 3573 843 3668 circumjacentis
870 3575 1060 3674 provinciae
1089 3575 1207 3672 pueris
1232 3575 1386 3674 accepit,

332 3686 627 3784 securitatemque
641 3687 816 3760 reddendi
829 3712 955 3760 omnes
971 3692 1144 3784 Paganos,
1158 3711 1253 3785 quos
1266 3689 1305 3761 in
1320 3711 1389 3760 ear

334 3826 413 3877 cere
426 3801 561 3874 Fideles
573 3801 764 3893 habebant,
780 3803 973 3900 requisivit.
989 3804 1051 3873 His
1064 3803 1183 3900 itaque
1196 3803 1386 3891 concessis,

366 4090 405 4158 (l)
418 4089 453 4142 Le
463 4104 621 4141 successeur
631 4086 665 4139 de
679 4085 759 4140 Balak
771 4106 805 4141 ne
818 4087 959 4160 s'appelait
970 4086 1152 4160 pointGaris,
1162 4099 1191 4143 et
1202 4089 1300 4145 n'etait
1311 4091 1387 4163 point

332 4197 379 4231 sun
395 4195 490 4230 ucvcu.
504 4175 602 4229 C’etait
616 4176 822 4242 Timourrascti,
835 4175 876 4229 srls
886 4174 1024 4248 d'l'lgazy,
1038 4187 1064 4230 ct
1077 4176 1138 4248 dejt
1151 4175 1238 4232 mide
1249 4175 1385 4234 blaedla.
