2888 4934
190 442 404 543 [siccitati
555 456 671 519 traua
693 456 876 519 necinus.
1184 459 1256 520 rre-

188 612 279 686 puos
288 604 454 685 proceres
465 586 610 662 haberet
628 588 820 686 (reliquum
834 589 932 658 enim
946 588 1070 685 vulgus
1087 606 1121 662 et
1138 595 1249 664 armi*

187 703 273 800 geri,
287 699 491 797 residuique
503 701 667 799 satellites
680 727 744 802 per
756 703 908 800 hospitia
920 691 1070 801 dispersi
1083 721 1198 795 eraut,
1210 721 1246 779 et

187 841 301 914 equos
318 831 354 888 et
366 839 467 887 arma
483 831 518 888 et
530 833 654 891 cetera
666 817 732 889 illis
745 818 984 916 competentia
997 819 1243 918 coaptabant),

184 932 287 1028 jussit
312 929 530 1029 quibusdam
552 935 654 1006 utin
678 932 877 1006 conclavim
901 924 1014 1023 irent,
1040 951 1075 1007 ct
1100 951 1247 1010 temera·

189 1047 278 1119 riam
297 1047 530 1146 proditricem
545 1048 613 1120 sibi
625 1048 854 1121 adducerent.
876 1052 1038 1147 Cumque
1050 1049 1110 1123 illa
1123 1077 1245 1124 coram

189 1161 362 1236 fremente
375 1179 528 1261 tyranno
541 1166 708 1238 accersita
718 1166 880 1254 stetisset,
897 1180 932 1236 et
944 1166 1117 1238 terribiles
1131 1170 1247 1240 minas

187 1301 268 1351 cum
287 1278 490 1378 opprobriis
510 1279 584 1352 sola
606 1283 682 1353 sine
698 1278 829 1352 auxilio
854 1281 1050 1351 consistens
1067 1281 1243 1367 audisset,

189 1393 420 1467 Buamundus
442 1394 489 1466 de
513 1411 610 1468 turre
631 1421 697 1495 per
712 1397 902 1468 fenestram
923 1396 1018 1467 intus
1040 1398 1193 1494 aspexit,
1213 1415 1256 1470 et¹

189 1507 424 1582 liberatricem
440 1534 542 1583 suam
561 1511 608 1583 ad
623 1511 798 1608 judicium
821 1510 1016 1583 desolatam
1033 1527 1147 1585 astare
1164 1537 1249 1584 con-

189 1623 398 1722 templatus,
417 1625 542 1698 doluit.
564 1631 635 1715 Eu,
655 1628 787 1724 inquit,
806 1624 966 1724 arljutria
989 1630 1166 1698 nostruin
1187 1653 1248 1698 an·

187 1741 311 1836 gratiis
327 1742 449 1836 posita
470 1757 534 1812 est.
560 1747 664 1815 Nunc
682 1767 769 1839 opus
783 1758 838 1812 est
856 1757 895 1811 ut
913 1741 994 1814 Iu'nc
1011 1741 1243 1839 egred'amur,

189 1854 286 1951 er'que
306 1857 388 1925 tou‘s
412 1853 537 1926 sirilrus
561 1853 814 1956 suffragemur.
844 1856 1008 1927 Protinus
1029 1845 1247 1953 pedetentim

191 1966 233 2039 de
254 1962 347 2040 arce¹
360 1994 425 2067 per
446 1971 576 2067 gradus
595 1973 631 2041 in
653 1970 772 2042 aulam
790 1972 937 2068 ingressi
954 1984 1052 2060 sunt,
1072 1969 1249 2042 Daliman·

191 2105 276 2154 num
289 2097 327 2155 et
337 2104 463 2156 omnes
478 2083 642 2157 tribunos
655 2085 731 2181 ejus
746 2099 782 2158 et
794 2084 945 2182 collegas
962 2085 1088 2156 armati
1104 2085 1251 2156 circum·

191 2211 378 2288 usserunt,
397 2200 488 2271 ostia
503 2199 633 2272 domus
650 2199 924 2290 obturaverunt,
944 2216 979 2272 et
995 2201 1118 2272 omnia
1134 2201 1171 2270 in
1186 2201 1250 2272 cir·

191 2314 324 2386 cumitu
340 2315 563 2388 munimenta
586 2315 833 2413 possederunt.
860 2317 995 2387 Pariter
1017 2340 1145 2388 omnes
1168 2315 1254 2387 facti

191 2445 270 2501 suut
283 2430 394 2521 anxii,
412 2446 447 2502 et
466 2431 552 2529 quid
571 2456 676 2528 agere
692 2432 865 2503 deberent
881 2431 993 2503 dubii.
1014 2432 1117 2503 Turci
1133 2431 1246 2518 enirn,

191 2543 363 2618 obseratis
384 2545 536 2636 foribus,
560 2570 738 2644 nusquam
759 2547 879 2644 fugere
900 2561 1084 2647 poteraut;
1106 2547 1251 2617 armatis

191 2659 512 2750 circumstantibus,
524 2685 701 2758 nusquam
711 2661 888 2734 divertere
899 2660 1081 2749 valebant;
1094 2661 1249 2733 inermes

192 2777 341 2874 upauci
355 2792 480 2848 contra
490 2776 704 2851 valentiores
718 2803 755 2849 se
768 2802 920 2849 numero
937 2791 972 2849 et
986 2777 1064 2847 telis
1080 2773 1248 2847 bellando

192 2889 352 2963 resistcre
374 2891 580 2988 nequibant.
608 2890 797 2963 Christiani
824 2916 909 2963 vero
930 2890 1100 2962 Etbuicos
1123 2912 1253 2959 omnes

193 3001 405 3078 obtruncare
422 3022 508 3079 tunc
524 3021 709 3105 poterant,
730 3006 810 3096 sed,
832 3030 898 3104 pro
913 3017 1134 3076 sacramento
1149 3006 1247 3101 quod

193 3119 316 3217 puellae
335 3121 511 3212 fecerant,
532 3122 608 3194 sine
624 3135 802 3220 praecepto
818 3119 909 3191 illius
925 3120 1106 3192 neminem
1129 3119 1245 3208 ferire,

192 3234 245 3306 rel
260 3234 423 3332 quolibet
440 3227 553 3311 modo
568 3235 696 3308 laedere
711 3234 904 3307 audebant.
922 3238 1062 3307 Omnes.
1077 3235 1182 3332 igitur
1202 3235 1252 3307 ad

191 3347 286 3423 illam
306 3351 559 3448 respiciebant,
576 3350 713 3447 etquid
732 3350 875 3446 juberet
893 3349 1144 3448 expectabant,
1163 3351 1251 3446 quia-

161 3554 165 3564 .
195 3461 301 3538 iidem
313 3490 414 3537 suam
423 3467 555 3539 violare
565 3464 823 3564 praecavcbaut.

184 3565 403 3676 -ae's'Denique
420 3581 531 3652 Melan
548 3581 705 3653 securior
723 3581 813 3651 lacta
827 3578 942 3650 ridere
960 3579 1086 3676 coepit,
1108 3592 1143 3650 et
1160 3578 1253 3649 inter

191 3695 347 3766 >Francos
366 3698 467 3792 quasi
489 3695 636 3767 domina
662 3693 873 3793 presidens,
900 3691 1115 3764 Dalimanno
1132 3692 1248 3764 dixit:

194 3807 287 3879 'Care
295 3825 415 3905 pater,
437 3811 566 3908 injuste
583 3813 746 3881 irasceris
760 3825 885 3881 eontra
901 3834 969 3897 mc,
988 3811 1174 3905 nimiisque
1187 3811 1252 3879 mi·

191 3924 251 3992 ‘nes
264 3948 329 4007 ,me
358 3940 468 3995 terres
491 3942 528 3996 et
543 3924 684 4022 probris
705 3924 906 4010 detestaris,
923 3948 996 4020 pro
1017 3923 1153 3995 salubri
1170 3922 1249 3993 sub·

200 4036 480 4136 utrumquem,
499 4037 561 4112 tibi
569 4040 765 4126 consulens,
779 4022 1112 4136 callirlcprovtdr’ex
1121 4061 1250 4133 magna

199 4145 414 4249 benignitate.
445 4163 555 4242 Num,
588 4158 738 4228 Francis
758 4157 796 4225 in.
815 4157 1006 4225 certumr'roe
1024 4147 1248 4243 ferventibus,
