3190 5064
365 457 426 522 nt
636 447 820 518 nrsronn
842 457 1150 538 ncennsusncr.
1219 459 1304 538 [nov.
1325 457 1416 537 1120]

364 578 532 661 auxilium
551 585 736 683 quodlibet
759 590 949 688 prestoleti
972 603 1067 662 sunt.
1091 594 1191 661 Unus
1209 601 1286 660 erat
1311 591 1417 659 iloto·

366 703 538 798 megensis
561 701 732 794 carnifex,
757 705 904 778 nornine
925 705 1112 797 Beroldus,
1140 718 1175 776 et
1193 703 1289 775 *alter
1316 727 1418 799 gene·

365 841 466 890 rosus
488 840 589 916 puer,
613 820 761 890 nomine
781 819 999 910 Goislredus,
1022 817 1209 892 Gisteberti
1229 817 1275 890 de
1297 817 1419 915 Aquila

366 930 469 1003 filius.
785 957 787 964 ’

411 1046 619 1120 'lunolune
630 1047 667 1118 in
684 1047 785 1144 signo
805 1049 909 1122 Tauri
925 1072 1021 1120 nona
1038 1047 1179 1120 decima
1195 1047 1278 1138 fuit,
1297 1061 1334 1119 et
1349 1045 1419 1119 lere

367 1185 404 1232 rx
416 1161 515 1234 horis
526 1161 632 1234 radiis
643 1162 714 1234 suis
726 1163 903 1236 mundum
915 1162 1111 1252 illustravit,
1124 1176 1160 1234 et
1171 1159 1418 1258 navigantibus

365 1301 465 1350 mare
475 1277 634 1351 lucidum
646 1277 799 1352 reddidit
809 1280 876 1378 (4).
888 1281 1042 1352 Thomas
1050 1279 1242 1353 nauclerus
1254 1293 1339 1377 post
1347 1279 1419 1378 pri·

365 1420 462 1468 mem
482 1396 776 1470 summersionem
794 1397 888 1470 vires
903 1397 1109 1496 resumpsit,
1127 1396 1254 1494 suique
1267 1419 1418 1486 memor,

365 1533 472 1608 super
483 1507 598 1582 undas
611 1523 718 1608 caput
733 1511 874 1602 extulit,
893 1526 929 1584 et
944 1511 1069 1583 videns
1087 1511 1203 1608 capita
1218 1533 1345 1583 eorum
1361 1509 1421 1606 qui

365 1624 462 1721 ligno
476 1638 668 1722 utcumque
685 1624 918 1717 inherebant,
935 1627 1164 1722 interrogavit
1180 1652 1188 1696 :
1205 1623 1320 1697 nitito
1332 1626 1422 1722 regis

366 1739 454 1840 quid
473 1739 635 1814 devenit?
658 1742 820 1838 Cumque
845 1743 1005 1839 nauli-«igi
1030 1739 1297 1840 respondissent
1319 1739 1421 1822 ‚illum

366 1883 451 1930 oum
461 1855 628 1929 omnibus
639 1855 783 1953 collegis
794 1856 1057 1956 suis'deperisse
1070 1884 1078 1928 ε
1093 1859 1276 1943 Miserum,
1292 1855 1420 1954 inquit,

367 1988 423 2044 est
435 1971 561 2042 anwdo
578 1997 694 2044 neenm
716 1974 837 2044 vivere.
861 1977 938 2044 Hoc
961 1971 1077 2064 dieto,
1100 1971 1193 2043 mele
1210 1970 1421 2070 desperans,

368 2087 493 2159 meluit
512 2086 582 2158 illic
607 2087 839 2181 occumbere,
864 2111 973 2184 quam
997 2085 1116 2158 furore
1140 2086 1220 2158 irati
1243 2087 1337 2182 regis
1358 2109 1423 2184 pro

228 2213 238 2224 ‘
368 2201 523 2298 pernicie
539 2201 649 2300 prolis
665 2216 849 2300 oppetere,
867 2225 931 2278 seu
947 2200 1070 2298 longas
1085 2201 1123 2270 in
1136 2199 1287 2271 vinculis
1302 2223 1424 2298 poenas

368 2315 478 2387 luere.
502 2319 542 2386 ln
564 2316 665 2413 aquis
684 2316 832 2415 penduli
853 2320 968 2389 Deum
989 2313 1219 2407 invocabant,
1243 2327 1279 2386 et
1303 2327 1425 2385 mutue

369 2453 445 2502 sese
460 2429 708 2501 cohortatione
723 2431 954 2524 animabonn·
964 2446 1000 2503 et
1015 2429 1124 2502 finem
1142 2427 1209 2501 sibi
1224 2451 1247 2501 a
1261 2432 1342 2501 Deo
1357 2427 1426 2501 dis·

370 2543 529 2644 positum
545 2542 687 2615 tremuli
703 2543 951 2643 expectabant.

420 2659 559 2756 Frigido
573 2659 654 2757 gelu
671 2683 744 2732 nox
760 2658 819 2732 ille
836 2660 920 2750 luit3
943 2661 1039 2734 unde
1055 2673 1157 2734 tener
1171 2657 1332 2732 albeolus
1347 2670 1426 2757 post

370 2775 516 2870 longam
538 2772 763 2846 tolerantium
787 2773 916 2874 frigore
943 2777 1036 2850 vires
1059 2775 1192 2865 amisit,
1218 2775 1426 2870 sociumque

371 2914 476 2962 suum
500 2893 578 2962 Deo
599 2890 875 2982 commendans,
901 2891 1059 2990 relapsus
1081 2890 1118 2961 in
1141 2903 1294 2989 pontum
1318 2888 1423 2978 obiit,

372 3029 439 3077 nec
456 3003 602 3077 ulterius
618 3028 770 3102 usquam
787 3005 999 3104 comparuit.
1023 3004 1194 3077 Beroldus
1209 3017 1348 3090 eutem,
1367 3001 1427 3100 qui

371 3119 563 3216 pauperior
582 3119 863 3210 eretomnibus,
884 3142 1021 3191 renone
1041 3119 1192 3190 amictus
1208 3143 1251 3190 ex
1274 3115 1429 3189 arietino

372 3231 536 3331 pellibus,
556 3233 602 3306 de
614 3247 716 3306 teoto
731 3235 828 3308 solus
843 3234 1024 3307 consortio
1041 3233 1138 3307 diem
1153 3233 1255 3326 vidit,
1274 3247 1310 3306 et
1326 3253 1429 3304 mane

407 3552 448 3628 (l)
467 3552 545 3610 Nous
556 3573 628 3612 nous
640 3566 773 3612 tronrous
789 3553 858 3612 dens
871 3555 897 3610 la
910 3555 1022 3630 pdnible
1037 3556 1173 3612 neeenite
1186 3555 1320 3611 d’erertir
1335 3555 1362 3610 le
1376 3553 1429 3610 lee-

372 3653 436 3700 tertr
447 3659 502 3718 que
515 3651 588 3699 cette
599 3646 788 3701 cimooetenee
801 3645 824 3699 si
838 3645 971 3720 poetique
983 3643 1023 3700 dn
1037 3645 1107 3700 rdeit
1124 3644 1160 3699 de
1176 3655 1258 3700 notre
1274 3653 1376 3699 auteur
1390 3651 1431 3697 est

372 3729 588 3805 completement
598 3729 770 3806 apocryphe
784 3741 814 3788 et
824 3729 1009 3805 inapplieeble
1021 3733 1077 3788 soit
1086 3749 1123 3787 en
1135 3735 1172 3792 tt
1184 3731 1335 3788 novembre
1347 3731 1428 3796 1111,

371 3819 422 3893 qui
434 3835 463 3874 se
475 3819 596 3876 trouvait
607 3837 664 3874 non
676 3819 703 3874 le
714 3819 933 3887 dix-neurieme,
948 3819 1018 3874 mais
1030 3818 1057 3874 le
1068 3821 1148 3893 vingt
1157 3829 1187 3875 et
1196 3819 1311 3874 aniene
1319 3818 1387 3890 J'our
1396 3813 1431 3869 de

373 3904 398 3962 le
412 3905 491 3976 lune,
508 3917 538 3962 et
554 3907 593 3962 od
608 3905 661 3962 elle
674 3907 743 3962 eteit
761 3925 818 3963 oon
835 3905 904 3964 dens
919 3906 946 3962 le
961 3908 1040 3981 signe
1057 3905 1098 3962 du
1112 3905 1258 3974 Taureae,
1278 3905 1347 3960 mai·
1364 3902 1430 3962 dut

372 3994 444 4051 celui
456 3995 495 4050 du
506 3995 590 4063 lium
605 3995 659 4050 soit
669 4012 704 4049 au
717 3997 752 4052 tt
764 3995 913 4052 novembre
925 3998 1011 4067 44111,
1021 3995 1089 4068 jour
1098 3987 1260 4050 nes-idtio
1274 3992 1310 4048 de
1322 3991 1348 4047 la
1359 4007 1429 4047 non-

373 4083 441 4139 relle
454 4084 534 4152 lue,
548 4093 577 4139 et
591 4083 659 4141 dnus
674 4081 765 4156 lequel
775 4083 829 4140 elle
846 4093 917 4138 resta
933 4085 1155 4163 prreonndqumt
1168 4080 1295 4138 invisible
1307 4079 1428 4155 meant

375 4187 492 4245 presque
504 4182 583 4231 tonte
595 4171 620 4227 la
637 4171 709 4227 nuit.
