2888 4934
186 109 398 192 [nst-112⁴]
529 105 645 172 [tren
660 101 906 172 trnntscrsws
1181 110 1241 176 tot

187 243 376 344 speciebus
397 243 538 341 quasin
558 243 703 317 Oriente
719 241 894 315 viderunt,
920 239 1095 323 Soldanns
1114 242 1243 318 dicitnr

188 361 291 461 quasi
317 359 416 432 solus
443 358 627 446 dominus,
661 356 742 455 quia
771 357 906 429 cunctis
936 374 1062 456 praeest
1087 360 1244 435 Orientis

190 479 421 579 principibus.
450 482 586 566 Quarto
615 501 732 567 anno,
761 475 941 548 remeandi
966 476 1142 550 licentiam
1176 479 1245 553 illis

190 595 377 686 concessit,
397 619 612 691 aureamque
628 593 801 690 sagittam,
820 618 899 690 qnae
914 594 1116 693 principalis
1134 595 1243 694 speci·

191 735 271 784 men
290 709 583 810 praemonstrabat
597 707 843 796 absolutionis,
863 707 1023 780 contulit.
1045 711 1246 781 Potentissi-

192 848 333 898 morum
351 824 439 897 filias
455 826 667 924 optimatum
684 823 768 913 illis,
788 825 817 893 si
834 847 1016 895 remanere
1032 825 1243 916 voluissent,

192 954 226 1011 et
236 940 398 1037 ingentes
411 963 511 1036 gazas
525 963 565 1008 ac
579 938 817 1036 possessiones
828 936 969 1008 obtulit.
987 938 1089 1012 Abire
1103 939 1246 1012 tandem

193 1051 389 1151 volentibus
407 1055 566 1149 ingentes
583 1051 784 1141 thesauros,
805 1052 988 1149 variasque
1010 1053 1148 1126 divitias
1168 1078 1248 1126 suas

195 1168 361 1241 ostendit.
381 1169 561 1265 Denique,
582 1165 742 1265 pluribus
763 1166 873 1237 xeniis
891 1170 1123 1259 remunerati,
1143 1183 1249 1241 notos

194 1280 479 1369 &benefactores
492 1280 749 1369 salutaverunt,
766 1295 801 1351 et
813 1304 876 1378 per
888 1279 1107 1353 conductum
1117 1283 1246 1373 David,

194 1398 417 1495 (burgiensis
437 1398 544 1494 regis,
568 1411 604 1468 et
624 1394 769 1466 Turoldi
789 1393 836 1466 de
861 1397 1037 1467 Montanis
1056 1397 1111 1494 (l)
1131 1400 1250 1470 Antio·

193 1510 310 1587 elliam
328 1513 524 1601 redierunt,
544 1510 683 1608 laetique
696 1509 819 1581 amicis
834 1507 1032 1581 retulerunt
1049 1512 1200 1608 qualiter
1214 1515 1250 1584 in

194 1626 318 1699 lirnive
336 1642 372 1699 et
386 1625 513 1700 Baldac
532 1639 566 1697 et
587 1623 778 1722 Babylonia
800 1625 1012 1696 commorati
1033 1625 1197 1716 luissent,
1216 1642 1253 1699 et

195 1740 305 1813 multa
321 1739 425 1813 nobis
441 1741 579 1837 ignota,
598 1763 676 1836 qnae
691 1740 728 1810 in
745 1738 828 1808 Eois
843 1737 1003 1835 partibus
1018 1740 1199 1812 vidissent.

239 1860 341 1935 ‘l'uno
361 1855 410 1927 ibi
433 1855 621 1928 andierunt
641 1853 741 1953 quod
761 1853 868 1925 Balad
883 1855 1036 1928 Monbec
1053 1855 1250 1947 obsideret,

198 1985 231 2043 et
245 1970 458 2043 Baldninum
470 1995 603 2068 regem,
619 1970 743 2042 occisis
754 1967 948 2059 sodalibus,
968 1969 1086 2043 adbuc
1101 1973 1137 2042 in
1154 1987 1253 2044 arcto

197 2110 336 2159 earcere
361 2087 591 2160 constrictum
618 2086 798 2157 retineret.
824 2083 1020 2158 lescelinus
1048 2089 1162 2176 enim,
1191 2087 1254 2184 qui

199 2198 240 2274 de
254 2206 424 2300 Carpetra
439 2225 599 2298 egressus
611 2201 740 2290 luerat,
759 2213 795 2271 et
810 2198 943 2296 legatos
960 2199 1081 2273 fideles
1097 2206 1253 2299 Augusto

200 2315 350 2388 iohanni
377 2315 432 2413 (2)
460 2331 495 2388 et
519 2317 649 2388 Graeois
678 2330 713 2387 et
743 2316 915 2387 Armeniis
949 2314 1141 2406 direxerat,
1174 2331 1255 2416 post

201 2445 277 2503 oeto
290 2454 430 2503 menses
442 2453 526 2502 eum
540 2432 673 2529 ingenti
684 2431 838 2502 exercitu
851 2429 896 2501 ad
910 2429 1106 2502 subsidium
1120 2430 1256 2505 obsessi

228 2700 268 2771 (l)
286 2698 367 2753 Nous
379 2698 490 2752 n’arons
501 2698 562 2752 rien
572 2701 587 2751 a
599 2696 661 2752 dire
672 2715 719 2750 sur
731 2696 757 2750 le
770 2698 811 2751 roi
824 2695 859 2750 de
870 2695 994 2767 Georgie
1006 2693 1075 2749 dont
1086 2694 1162 2768 parle
1174 2706 1255 2751 notre

201 2800 304 2854 auteur,
318 2805 356 2842 ne
368 2786 515 2860 possedant
526 2805 616 2841 nncun
630 2787 852 2859 renseignernent
863 2803 911 2840 sur
920 2783 959 2839 les
968 2787 1126 2840 souverains
1136 2784 1171 2841 de
1182 2797 1256 2842 cette

200 2878 322 2942 matrem
336 2884 426 2949 quant
439 2893 473 2929 an
490 2875 585 2947 priuos
597 2875 768 2943 d'rlrmenie,
783 2874 832 2948 qui
846 2891 874 2927 se
885 2883 982 2928 trouve
994 2873 1029 2927 ici
1043 2891 1107 2928 sons
1118 2874 1145 2929 le
1156 2873 1254 2948 de'gui·

200 2974 303 3021 rement
316 2956 386 3017 ‹l'nn
401 2980 466 3016 nom
480 2963 628 3030 normand,
641 2980 673 3017 ce
686 2981 722 3017 ne
734 2973 803 3035 pent
815 2963 875 3017 etre
886 2979 941 3036 que
953 2961 1075 3033 Thoros,
1089 2963 1171 3032 frere,
1186 2963 1258 3019 lieu-

200 3060 293 3107 tenant
307 3060 336 3106 et
351 3068 525 3117 sncoessenr,
543 3052 622 3123 apres
634 3055 717 3119 tiss,
738 3050 774 3106 de
790 3051 878 3116 Leon,
895 3053 1000 3118 leion,
1017 3050 1110 3105 livon.
1126 3051 1204 3107 Tous
1216 3052 1256 3107 les

200 3134 269 3191 deux
281 3134 398 3191 doivent
408 3135 484 3188 avoir
496 3137 541 3190 ete
556 3134 598 3189 fils
610 3135 645 3189 de
656 3135 784 3206 Gabriel,
797 3134 892 3207 prince
905 3133 940 3189 de
953 3132 1097 3205 Melitene,
1111 3135 1255 3209 pnisqn’ils

199 3224 301 3279 etaient
314 3222 405 3277 freres
417 3221 453 3277 de
469 3222 495 3276 la
513 3223 589 3277 reine
602 3221 638 3277 de
657 3222 824 3291 Jerusalem,
841 3222 987 3296 Morphie,
1006 3222 1108 3276 semme
1125 3221 1161 3279 de
1182 3223 1254 3278 Ban-

200 3307 284 3365 tlonin
297 3309 339 3366 ll.
352 3309 405 3365 Ces
418 3311 528 3383 princes
540 3308 700 3365 d'Armenie
711 3310 816 3365 etaient
826 3308 936 3382 appeles
948 3327 998 3381 par
1010 3307 1049 3362 les
1062 3309 1255 3364 Occidentaux

200 3395 231 3451 de
242 3397 402 3460 Montanis,
415 3399 431 3450 i
442 3414 522 3451 cause
535 3396 570 3451 de
583 3397 607 3450 la
623 3405 722 3451 nature
735 3395 965 3451 tres-accidentee
977 3395 1013 3450 de
1027 3395 1089 3450 leur
1100 3398 1253 3453 territoire.

201 3482 234 3538 le
256 3483 376 3540 clritean
399 3483 569 3556 imprensble
593 3486 630 3538 od
653 3482 687 3537 ils
708 3481 834 3538 snisaient
856 3482 918 3538 leur
938 3483 1081 3538 residenoe
1102 3483 1255 3539 habitnrlle

203 3589 219 3625 n

204 3661 265 3734 quoi
279 3659 313 3714 ils
325 3677 353 3714 se
365 3661 522 3715 trouraient
533 3660 601 3715 dans
614 3679 650 3715 un
664 3670 774 3717 nontact
784 3659 927 3717 continuel
939 3679 1003 3714 arec
1016 3660 1055 3714 les
1066 3662 1209 3733 seigneurs
1219 3657 1254 3712 de

208 3758 272 3804 ortte
285 3748 470 3822 principante.

237 3835 275 3905 (2)
292 3836 467 3909 L'emporeur
478 3839 544 3890 han
557 3837 698 3891 Cornnene
710 3837 756 3906 (45
767 3839 833 3891 aotn
844 3840 945 3892 stre-8
959 3838 1025 3890 avril
1036 3837 1131 3903 lll3).

277 3949 325 3993 ιν.
1086 3927 1129 3993 Ι17
