2888 4934
191 387 231 446 tt
464 380 650 442 HISTORIA
672 381 978 445 ecctnstnstlct.
1142 388 1250 466 [1100]

190 518 365 615 genuinus
383 515 503 607 heres,
525 515 698 614 imperiali
714 521 815 612 jussu
835 518 880 590 ab
899 517 1164 590 excubitoribus
1187 542 1250 591 ex·

190 635 272 731 egit.
298 631 385 704 Illuc
407 644 442 703 et
457 630 667 703 Gnillelmns
684 632 730 704 de
748 633 892 706 Britolio
909 634 1058 708 anhelus
1081 633 1247 726 advenit,

189 749 389 846 callidoque
402 747 575 820 meditatu
590 752 821 847 praeveniens‚
839 766 1000 824 econtra
1018 751 1167 826 obstitit.
1187 755 1252 823 Le·

185 865 328 962 galiter,
341 865 469 961 inquit,
484 864 758 957 remthisczfilei
767 865 939 956 debemus,
958 892 1067 966 quum
1078 865 1251 939 Rodberto

188 979 280 1066 duci,
297 1005 469 1079 germano
487 996 557 1067 tun,
572 982 813 1077 promisimus.
834 987 916 1079 Ipse
933 986 1104 1055 nt'rnirum
1116 986 1253 1080 primo·

184 1100 323 1196 gent'tru
338 1114 391 1169 est
409 1095 592 1170 Guillelmt'
605 1097 826 1196 regufittns,
845 1114 880 1170 et
895 1124 957 1198 ego
978 1115 1015 1170 et
1034 1115 1089 1183 tu,
1110 1096 1251 1169 domine

189 1215 241 1281 mi
256 1216 423 1302 Hennes,
450 1213 644 1284 &menium
665 1213 723 1282 itti
732 1211 902 1308 secentur.
925 1218 1151 1310 Quapropter
1178 1229 1251 1284 tam

188 1327 337 1418 absenti,
358 1353 465 1427 quum
480 1329 658 1424 praesenti,
672 1327 836 1418 fidelitas
850 1355 874 1398 a
894 1327 992 1400 nebu
1006 1327 1181 1400 seruanda
1199 1345 1255 1401 est

188 1447 226 1515 in
244 1444 414 1516 omru‘bus.
435 1449 481 1515 Iu
496 1447 637 1516 seruitio
650 1446 721 1515 Dei
726 1444 808 1542 jam
825 1443 886 1515 din
902 1443 1084 1533 urboravt't,
1102 1460 1139 1514 et
1154 1450 1252 1516 Deus

188 1561 246 1631 illi
264 1558 429 1632 ducatum
451 1585 571 1650 suum,
600 1586 703 1658 quem
716 1586 788 1657 pro
806 1560 883 1657 ejus
905 1584 1026 1630 amore
1040 1561 1253 1657 peregrimus

187 1678 339 1770 timuit,
359 1682 545 1751 nunccine
559 1675 681 1749 bellico
702 1678 854 1749 tumultu
873 1702 953 1749 cum
963 1692 1119 1774 paterno
1134 1674 1252 1748 daude-

189 1811 283 1866 mute
300 1796 463 1867 restituit.
483 1798 580 1866 Inter
595 1793 672 1866 haec
688 1817 813 1894 aspera
834 1793 876 1866 lis
892 1793 979 1865 oriri
995 1792 1124 1890 coepit,
1149 1806 1187 1864 et
1207 1815 1253 1865 ex

189 1912 289 1982 omui
312 1926 413 2009 parte
435 1910 627 1983 multitudo
648 1911 808 1982 virorum
825 1909 911 1982 illuc
928 1909 1122 1999 confluxit,
1144 1923 1253 2005 atque

188 2026 369 2126 praesentis
385 2025 542 2118 heredis,
557 2027 619 2125 qui
635 2051 743 2098 suum
755 2027 815 2123 jus
828 2024 1125 2113 calumniabatur,
1141 2025 1254 2098 virtu

190 2143 312 2214 crevit.
337 2142 510 2214 Henricus
528 2167 678 2214 manum
694 2140 741 2214 ad
757 2141 927 2240 capulum
944 2140 1114 2212 vivaciter
1132 2139 1251 2230 misit,

190 2273 226 2328 et
244 2256 403 2354 gladium
416 2258 562 2346 exemit,
582 2281 650 2330 uec
665 2271 873 2328 extraneum
887 2255 1097 2354 quemlibet,
1115 2280 1181 2353 per
1197 2255 1256 2327 fri·

191 2372 309 2443 volam
333 2374 710 2471 procrastinationem,
740 2373 849 2472 patris
870 2386 1051 2469 sceptrum
1072 2394 1254 2468 praeoccu·

190 2512 276 2587 pare
295 2490 456 2588 permisit
473 2489 539 2586 (t).

239 2603 414 2695 Tandem,
434 2605 730 2678 convenientibus
747 2607 868 2677 amicis
884 2620 920 2678 et
934 2604 1153 2704 sapientibus
1168 2628 1255 2676 con·

190 2720 346 2811 siliariis,
363 2719 450 2792 binc
468 2735 504 2792 et
521 2721 605 2793 inde
628 2721 671 2792 lis
689 2721 846 2818 mitigata
864 2735 937 2809 est,
957 2735 993 2792 et
1015 2720 1147 2792 saniori
1164 2743 1255 2791 cou-

191 2836 299 2923 sunu,
315 2860 359 2908 ne
372 2837 474 2935 pejor·
488 2836 639 2908 scissura
650 2834 763 2925 fieret,
777 2859 837 2907 arx
848 2836 903 2931 (2)
913 2860 997 2907 cum
1008 2834 1185 2932 regalibus
1197 2859 1257 2931 ga-

192 2954 241 3020 zis
252 2950 324 3022 filio
337 2953 429 3047 regis
441 2953 594 3024 Henrico
605 2951 743 3024 reddita
754 2966 819 3024 est.
835 2954 912 3022 Hoc
925 2966 1029 3023 antea
1039 2950 1179 3021 dudum
1189 2949 1256 3022 suit

191 3068 431 3140 nBritonibus
452 3069 720 3168 prophetatum,
745 3083 781 3140 et
798 3066 896 3140 hunc
918 3067 1020 3164 Angli
1041 3079 1257 3167 optaverunt

191 3181 324 3253 habere
341 3182 544 3274 dominum,
562 3211 672 3282 quem
685 3183 853 3256 nobiliter
868 3184 905 3255 in
922 3184 1013 3256 solio
1027 3184 1127 3278 regni
1143 3205 1257 3254 nove·

194 3312 273 3369 rant
284 3297 516 3394 genitum(3).
529 3302 672 3372 Mortuo
685 3324 782 3397 rege,
797 3299 917 3397 plures
930 3301 1146 3398 optimatum
1152 3295 1199 3368 ad
1210 3295 1259 3368 la-

229 3595 266 3668 (t)
288 3596 375 3650 Notre
394 3605 501 3664 auteur,
519 3596 577 3650 loin
597 3595 774 3670 d’applaudir
790 3600 804 3650 a
822 3597 847 3650 la
864 3595 997 3649 conduite
1014 3593 1102 3666 loyale
1118 3593 1153 3646 de
1171 3591 1258 3647 Guil-

193 3690 285 3739 laurne
297 3683 332 3738 de
347 3685 478 3748 breteuil,
490 3695 601 3739 montre
612 3683 673 3756 dej'a
686 3702 741 3738 une
755 3684 860 3757 grande
870 3683 1013 3756 partialite
1026 3700 1098 3755 pour
1108 3681 1198 3735 Heuri
1211 3680 1257 3737 1«.

193 3775 231 3827 Le
243 3771 299 3827 duc
312 3772 418 3828 ltobcrt
434 3776 502 3828 etait
518 3773 620 3829 odieux
637 3792 672 3828 au
688 3774 795 3847 cierge,
814 3773 1044 3829 non-seulement
1060 3776 1075 3827 a
1088 3788 1169 3826 cause
1183 3770 1220 3825 de
1231 3769 1259 3826 ia

193 3861 297 3916 licence
311 3864 346 3918 de
367 3881 409 3917 ses
432 3882 549 3929 moeurs,
570 3864 638 3917 mais
654 3882 754 3918 encore
772 3883 853 3937 parce
867 3864 935 3937 qu'il
958 3882 993 3917 nc
1012 3864 1051 3918 lui
1067 3862 1185 3917 donnait
1205 3879 1259 3916 au·

193 3969 264 4005 cune
277 3953 447 4022 protection,
462 3970 569 4006 aucune
584 3954 709 4025 garantie
723 3963 820 4007 contre
834 3952 955 4007 l'avidite'
968 3951 1016 4006 des
1029 3951 1185 4023 seigneurs.

228 4040 268 4112 (Ξ)
284 4038 333 4095 Gl.
348 4040 400 4117 jnt.
414 4063 418 4091 :
432 4043 527 4094 turris.

228 4132 266 4200 (3)
285 4131 327 4184 Ne
344 4128 379 4183 de
393 4141 490 4201 parent
505 4129 567 4200 de'ja
578 4148 614 4183 eu
628 4130 780 4201 possession
794 4128 831 4182 du
848 4129 942 4196 trono,
960 4147 995 4183 ou
1011 4147 1119 4184 comme
1135 4128 1257 4183 disaient
