2888 4934
200 457 262 516 ⁴52
477 449 659 514 HISTORIA
682 451 986 515 nccnnstssttcs.
1148 452 1254 531 [1123]

200 600 263 658 est.
282 584 461 657 Rodberto
473 585 591 681 itaque
600 584 821 676 demorante,
837 584 1016 656 Baldricus
1025 580 1072 654 ad
1083 581 1253 680 placitum

199 701 345 772 ultimus
365 701 478 788 venit,
498 700 646 796 aliisque
663 698 781 771 adbuc
797 699 902 771 tacite
917 694 1203 795 praestolantibus
1217 696 1253 766 in

199 819 319 907 annis,
334 816 471 916 primus
482 817 652 887 amictum
662 815 824 913 projecit,
838 829 873 886 et
884 813 993 885 lorica
1007 810 1158 883 indutus
1170 836 1255 910 prae·

197 951 351 1030 propere
367 930 576 1003 exclamavit
595 958 603 1000 :
623 932 707 1015 Eia,
729 930 875 1014 milites,
899 927 995 1027 quod
1007 925 1187 1027 agema
1204 943 1257 997 est

194 1050 300 1132 r'm‘ce,
326 1063 361 1116 et
376 1045 529 1141 fortiter
556 1044 670 1144 agite!
696 1048 860 1116 Protinus
885 1042 1074 1143 oppidanis
1096 1042 1253 1142 proditio

191 1162 335 1234 detecta
347 1173 412 1252 est,
428 1172 463 1231 et
475 1159 634 1231 clamoso
646 1158 800 1231 tumultu
812 1171 950 1247 exorto,
965 1155 1032 1228 sibi
1043 1157 1196 1255 propior
1209 1154 1255 1226 ab

196 1275 404 1348 hominibus
418 1277 547 1372 Pagani
559 1290 661 1372 porta
673 1276 845 1348 violenter
854 1274 1000 1346 obtenta
1010 1287 1075 1344 est.
1090 1276 1255 1370 Cumque

198 1391 399 1464 Rodbertus
422 1416 554 1487 equum
571 1391 801 1483 ascendisset,
826 1404 860 1462 et
881 1389 1094 1490 proditionis
1110 1389 1255 1485 ignarus

187 1506 241 1578 'ad
264 1508 382 1579 lorum
405 1507 571 1596 venisset,
598 1521 752 1579 armatos
774 1507 959 1604 praedones
978 1505 1096 1577 villam
1118 1504 1254 1603 deprae·

197 1621 322 1694 dantes
339 1623 537 1720 prospexit,
559 1622 823 1719 terribilemque
844 1622 927 1694 belli
946 1621 1131 1719 strepitum
1149 1622 1252 1692 nndi·

190 1761 266 1833 ‘qne
285 1737 437 1827 audivit,
460 1750 495 1807 et
515 1737 722 1834 perterritus
737 1736 783 1808 ad
802 1736 956 1833 asylum,
977 1735 1073 1807 unde
1089 1735 1254 1806 nondum

194 1850 381 1947 'elongatus
400 1851 526 1941 suerat,
546 1852 757 1947 quantocius
773 1850 943 1946 confugit.
966 1849 1018 1920 lbi
1034 1863 1120 1920 tunc
1139 1848 1255 1920 Amal·

194 1967 289 2038 ricus
305 1991 438 2057 comcs,
458 1979 494 2037 et
509 1991 623 2063 nepos
636 1968 712 2063 ejus
729 1993 738 2036 ι
755 1965 965 2038 Guillelmus
982 1965 1169 2062 Crispinus
1186 1965 1201 2058 (
1226 1964 1252 2058 l,

189 2108 278 2154 'cum
303 2086 376 2156 suis
399 2083 565 2173 coetibus,
594 2085 630 2155 in
657 2096 816 2155 montem
842 2096 968 2153 contra
989 2080 1256 2152 munimentum

194 2199 321 2269 armati
339 2199 592 2288 ascenderunt,
611 2214 647 2271 et
662 2201 768 2271 minis
785 2197 866 2297 plus
881 2221 991 2295 quam
1007 2197 1108 2268 iactis
1123 2208 1256 2267 terrere

193 2328 386 2386 castrenses
411 2317 487 2385 ausi
517 2331 613 2386 sunt.
626 2354 629 2361 ‚
644 2318 780 2387 Omnes
805 2338 872 2413 pro
901 2326 1000 2386 certo
1025 2313 1088 2408 qui
1113 2309 1162 2383 ad
1187 2310 1255 2382 boc

194 2428 329 2501 lacinus
359 2430 614 2521 innotuerunt,
643 2429 777 2527 publici
805 2429 926 2501 hostes
955 2442 990 2499 et
1020 2424 1183 2524 perjurio
1208 2428 1253 2498 rei

192 2557 319 2615 contra
335 2568 455 2640 regem
470 2544 661 2642 adjudicati
677 2558 772 2615 sunt.
792 2543 992 2616 Rodbertus
1004 2555 1125 2612 autem
1143 2554 1185 2611 nt
1196 2564 1256 2611 eos

193 2660 241 2732 de
257 2659 357 2747 villa,
381 2684 460 2757 quae
479 2660 713 2731 munitissima
730 2675 822 2749 erat,
847 2659 981 2731 viribus
996 2659 1070 2728 suis
1086 2657 1169 2751 ejici
1184 2680 1254 2726 non

194 2799 300 2872 posse
329 2775 586 2865 consideravit,
620 2775 779 2847 immisso
807 2779 889 2871 igne
916 2773 1098 2871 proximas
1127 2771 1255 2844 domos

194 2889 366 2979 incendit,
385 2904 420 2961 et
437 2890 582 2962 llamrna
596 2914 705 2962 vorax
722 2891 829 2961 llantc
846 2902 953 2960 vento
969 2901 1087 2958 totum
1100 2885 1255 2983 burgum

195 3005 379 3102 corripuit.
401 3007 527 3076 Hostes
542 3007 662 3100 itaque
678 3004 723 3075 de
741 3004 848 3100 septis
864 3002 952 3075 villae
971 3002 1138 3100 projecit,
1159 3016 1196 3073 et
1212 3001 1256 3074 ab

195 3121 330 3191 assultu
348 3121 555 3192 munitionis
578 3120 721 3214 fugavit.
740 3125 779 3191 ln
798 3133 895 3190 tanta
910 3143 1030 3189 rerum
1046 3117 1257 3189 confusione

195 3232 357 3307 liberales
377 3250 411 3306 et
432 3235 573 3307 bonesti
589 3235 784 3332 burgenses
799 3233 949 3305 Gisortis
965 3233 1118 3304 multum
1136 3231 1257 3329 perdi-

197 3345 346 3434 derunt,
366 3364 418 3439 et,
440 3351 663 3447 consumptis
680 3347 849 3419 domibus
871 3372 953 3418 curn
972 3347 1084 3443 gazis,
1105 3359 1256 3441 egestate

196 3461 365 3531 attenuati
390 3477 485 3534 sunt.
515 3463 669 3535 Ecclesia
692 3486 836 3559 quoque
859 3462 979 3533 Sancti
1001 3462 1162 3531 Gervasii
1184 3460 1253 3556 (l),

198 3599 306 3672 qnam
330 3589 411 3647 ante
434 3604 568 3674 pancos
596 3603 710 3651 annos
736 3576 943 3649 Goislredus
967 3575 1257 3672 archiepiscopus

197 3691 435 3776 dedicaverat,
453 3695 639 3765 combusta
655 3708 719 3766 est.

232 3918 271 3986 (t)
291 3914 452 3970 Guillaumc
473 3914 605 3985 Crcspin,
627 3916 773 3972 deuxidme
791 3917 830 3972 dn
853 3936 933 3984 nom,
958 3919 1027 3971 mari
1050 3917 1086 3970 de
1105 3916 1258 3971 l’lreritidre

198 3993 391 4076 dfflrdpngni,
411 4021 498 4057 neven
511 4001 654 4056 d’llmauri
673 4023 721 4075 par
739 4024 766 4058 sa
784 4009 860 4060 nadre
875 4032 880 4058 r
895 3990 950 4061 bro
964 4006 999 4059 dc
1014 4005 1164 4070 Montium,
1186 4019 1257 4056 soeur

198 4094 385 4164 consanguine
398 4092 436 4146 du
451 4101 550 4145 comte.

233 4179 271 4248 (Ξ)
292 4178 405 4252 L’eglisc
419 4176 576 4253 paroissiale
590 4176 624 4231 de
638 4177 746 4232 Gisors.
