<?xml version="1.0" encoding="UTF-8"?>
<!DOCTYPE html PUBLIC "-//W3C//DTD XHTML 1.0 Transitional//EN"
    "http://www.w3.org/TR/xhtml1/DTD/xhtml1-transitional.dtd">
<html xmlns="http://www.w3.org/1999/xhtml" xml:lang="en" lang="en">
 <head>
  <title>
</title>
<meta http-equiv="Content-Type" content="text/html;charset=utf-8" />
  <meta name='ocr-system' content='tesseract 3.04.00' />
  <meta name='ocr-capabilities' content='ocr_page ocr_carea ocr_par ocr_line ocrx_word'/>
</head>
<body>
  <div class='ocr_page' id='page_1' title='image "./ordericivitalis07deligoog/ordericivitalis07deligoog_0258.png"; bbox 0 0 2888 4934; ppageno 0'>
   <div class='ocr_carea' id='block_1_1' title="bbox 197 411 1264 495">
    <p class='ocr_par' dir='ltr' id='par_1_1' title="bbox 197 411 1264 495">
     <span class='ocr_line' id='line_1_1' title="bbox 197 411 1264 495; baseline -0.001 -19"><span class='ocrx_word' id='word_1_1' title='bbox 197 415 415 495; x_wconf 75' lang='lat' dir='ltr'><strong>[itta-1120]</strong></span> <span class='ocrx_word' id='word_1_2' title='bbox 548 411 666 475; x_wconf 80' lang='lat' dir='ltr'>LIBER</span> <span class='ocrx_word' id='word_1_3' title='bbox 687 412 930 473; x_wconf 72' lang='lat' dir='ltr'><strong>nantelmus.</strong></span> <span class='ocrx_word' id='word_1_4' title='bbox 1204 413 1264 476; x_wconf 72' lang='lat'><strong>245</strong></span> 
     </span>
    </p>
   </div>
   <div class='ocr_carea' id='block_1_2' title="bbox 186 542 1268 3648">
    <p class='ocr_par' dir='ltr' id='par_1_2' title="bbox 186 542 1268 2235">
     <span class='ocr_line' id='line_1_2' title="bbox 193 542 1261 641; baseline -0.005 -22"><span class='ocrx_word' id='word_1_5' title='bbox 193 552 301 619; x_wconf 83' lang='lat' dir='ltr'><strong>Tunc</strong></span> <span class='ocrx_word' id='word_1_6' title='bbox 324 545 515 641; x_wconf 69' lang='lat' dir='ltr'><strong>amirgazis</strong></span> <span class='ocrx_word' id='word_1_7' title='bbox 539 560 573 617; x_wconf 91' lang='lat' dir='ltr'><strong>et</strong></span> <span class='ocrx_word' id='word_1_8' title='bbox 595 547 754 641; x_wconf 80' lang='lat' dir='ltr'><strong>ingentes</strong></span> <span class='ocrx_word' id='word_1_9' title='bbox 776 545 880 615; x_wconf 88' lang='lat' dir='ltr'><strong>cunei</strong></span> <span class='ocrx_word' id='word_1_10' title='bbox 906 542 1140 615; x_wconf 87' lang='lat' dir='ltr'><strong>Ethnicorum</strong></span> <span class='ocrx_word' id='word_1_11' title='bbox 1167 542 1261 616; x_wconf 92' lang='lat' dir='ltr'><strong>obsi·</strong></span> 
     </span>
     <span class='ocr_line' id='line_1_3' title="bbox 189 659 1264 761; baseline -0.003 -26"><span class='ocrx_word' id='word_1_12' title='bbox 189 662 350 735; x_wconf 88' lang='lat' dir='ltr'><strong>dionem</strong></span> <span class='ocrx_word' id='word_1_13' title='bbox 372 676 520 761; x_wconf 86' lang='lat' dir='ltr'><strong>repente</strong></span> <span class='ocrx_word' id='word_1_14' title='bbox 540 660 791 751; x_wconf 87' lang='lat' dir='ltr'><strong>deseruerunt,</strong></span> <span class='ocrx_word' id='word_1_15' title='bbox 816 659 1004 758; x_wconf 87' lang='lat' dir='ltr'><strong>subitoque</strong></span> <span class='ocrx_word' id='word_1_16' title='bbox 1025 659 1071 732; x_wconf 90' lang='lat' dir='ltr'><strong>de</strong></span> <span class='ocrx_word' id='word_1_17' title='bbox 1093 661 1264 758; x_wconf 81' lang='lat' dir='ltr'><strong>proximis</strong></span> 
     </span>
     <span class='ocr_line' id='line_1_4' title="bbox 190 775 1264 876; baseline -0.002 -26"><span class='ocrx_word' id='word_1_18' title='bbox 190 781 383 851; x_wconf 83' lang='lat' dir='ltr'><strong>montanis</strong></span> <span class='ocrx_word' id='word_1_19' title='bbox 400 779 438 850; x_wconf 94' lang='lat' dir='ltr'><strong>in</strong></span> <span class='ocrx_word' id='word_1_20' title='bbox 460 779 671 876; x_wconf 79' lang='lat' dir='ltr'><strong>campestria</strong></span> <span class='ocrx_word' id='word_1_21' title='bbox 687 776 964 866; x_wconf 90' lang='lat' dir='ltr'><strong>descenderunt,</strong></span> <span class='ocrx_word' id='word_1_22' title='bbox 989 790 1023 850; x_wconf 90' lang='lat' dir='ltr'><strong>et</strong></span> <span class='ocrx_word' id='word_1_23' title='bbox 1039 775 1264 874; x_wconf 88' lang='lat' dir='ltr'><strong>superficiem</strong></span> 
     </span>
     <span class='ocr_line' id='line_1_5' title="bbox 187 892 1261 990; baseline -0.007 -22"><span class='ocrx_word' id='word_1_24' title='bbox 187 909 305 968; x_wconf 77' lang='lat' dir='ltr'><strong>terrae</strong></span> <span class='ocrx_word' id='word_1_25' title='bbox 323 916 389 966; x_wconf 86' lang='lat' dir='ltr'><strong>sua</strong></span> <span class='ocrx_word' id='word_1_26' title='bbox 410 892 657 982; x_wconf 87' lang='lat' dir='ltr'><strong>multitudine,</strong></span> <span class='ocrx_word' id='word_1_27' title='bbox 678 893 785 964; x_wconf 87' lang='lat' dir='ltr'><strong>veluti</strong></span> <span class='ocrx_word' id='word_1_28' title='bbox 801 892 963 982; x_wconf 83' lang='lat' dir='ltr'><strong>locustae,</strong></span> <span class='ocrx_word' id='word_1_29' title='bbox 984 906 1261 990; x_wconf 86' lang='lat' dir='ltr'><strong>cooperuerunt.</strong></span> 
     </span>
     <span class='ocr_line' id='line_1_6' title="bbox 186 1007 1265 1097; baseline -0.005 -16"><span class='ocrx_word' id='word_1_30' title='bbox 186 1008 343 1081; x_wconf 79' lang='lat' dir='ltr'><strong>Dcinde</strong></span> <span class='ocrx_word' id='word_1_31' title='bbox 366 1008 413 1081; x_wconf 95' lang='lat' dir='ltr'><strong>ad</strong></span> <span class='ocrx_word' id='word_1_32' title='bbox 434 1009 586 1080; x_wconf 86' lang='lat' dir='ltr'><strong>tentoria</strong></span> <span class='ocrx_word' id='word_1_33' title='bbox 603 1007 884 1081; x_wconf 88' lang='lat' dir='ltr'><strong>Christianorum</strong></span> <span class='ocrx_word' id='word_1_34' title='bbox 901 1007 1149 1097; x_wconf 85' lang='lat' dir='ltr'><strong>convolantes,</strong></span> <span class='ocrx_word' id='word_1_35' title='bbox 1170 1021 1265 1078; x_wconf 88' lang='lat' dir='ltr'><strong>atro·</strong></span> 
     </span>
     <span class='ocr_line' id='line_1_7' title="bbox 187 1122 1265 1223; baseline -0.006 -26"><span class='ocrx_word' id='word_1_36' title='bbox 187 1124 292 1197; x_wconf 74' lang='lat' dir='ltr'><strong>citer</strong></span> <span class='ocrx_word' id='word_1_37' title='bbox 312 1124 349 1195; x_wconf 94' lang='lat' dir='ltr'><strong>in</strong></span> <span class='ocrx_word' id='word_1_38' title='bbox 371 1125 565 1222; x_wconf 87' lang='lat' dir='ltr'><strong>imparatos</strong></span> <span class='ocrx_word' id='word_1_39' title='bbox 581 1124 779 1215; x_wconf 89' lang='lat' dir='ltr'><strong>irruerunt,</strong></span> <span class='ocrx_word' id='word_1_40' title='bbox 800 1138 835 1196; x_wconf 85' lang='lat' dir='ltr'><strong>et</strong></span> <span class='ocrx_word' id='word_1_41' title='bbox 855 1123 1044 1220; x_wconf 86' lang='lat' dir='ltr'><strong>Rogerium</strong></span> <span class='ocrx_word' id='word_1_42' title='bbox 1066 1122 1265 1223; x_wconf 92' lang='lat' dir='ltr'><strong>prinoipem</strong></span> 
     </span>
     <span class='ocr_line' id='line_1_8' title="bbox 186 1237 1263 1337; baseline -0.004 -26"><span class='ocrx_word' id='word_1_43' title='bbox 186 1241 289 1311; x_wconf 70' lang='lat' dir='ltr'><strong>cuin</strong></span> <span class='ocrx_word' id='word_1_44' title='bbox 315 1262 364 1309; x_wconf 89' lang='lat' dir='ltr'><strong>vn</strong></span> <span class='ocrx_word' id='word_1_45' title='bbox 389 1237 544 1309; x_wconf 91' lang='lat' dir='ltr'><strong>millibus</strong></span> <span class='ocrx_word' id='word_1_46' title='bbox 567 1239 603 1309; x_wconf 92' lang='lat' dir='ltr'><strong>in</strong></span> <span class='ocrx_word' id='word_1_47' title='bbox 621 1262 752 1337; x_wconf 91' lang='lat' dir='ltr'><strong>campo</strong></span> <span class='ocrx_word' id='word_1_48' title='bbox 772 1241 971 1311; x_wconf 85' lang='lat' dir='ltr'><strong>Sarmatam</strong></span> <span class='ocrx_word' id='word_1_49' title='bbox 993 1238 1263 1310; x_wconf 83' lang='lat' dir='ltr'><strong>interemerunt.</strong></span> 
     </span>
     <span class='ocr_line' id='line_1_9' title="bbox 197 1350 1263 1450; baseline -0.006 -22"><span class='ocrx_word' id='word_1_50' title='bbox 197 1352 409 1428; x_wconf 72' lang='lat' dir='ltr'><strong>Radbertus</strong></span> <span class='ocrx_word' id='word_1_51' title='bbox 424 1368 544 1426; x_wconf 88' lang='lat' dir='ltr'><strong>autern</strong></span> <span class='ocrx_word' id='word_1_52' title='bbox 561 1353 607 1426; x_wconf 89' lang='lat' dir='ltr'><strong>de</strong></span> <span class='ocrx_word' id='word_1_53' title='bbox 623 1356 742 1426; x_wconf 85' lang='lat' dir='ltr'><strong>Veteri</strong></span> <span class='ocrx_word' id='word_1_54' title='bbox 758 1359 869 1426; x_wconf 90' lang='lat' dir='ltr'><strong>Ponte</strong></span> <span class='ocrx_word' id='word_1_55' title='bbox 884 1352 956 1450; x_wconf 79' lang='lat' dir='ltr'><strong>(l),</strong></span> <span class='ocrx_word' id='word_1_56' title='bbox 974 1351 1102 1450; x_wconf 89' lang='lat' dir='ltr'><strong>aliique</strong></span> <span class='ocrx_word' id='word_1_57' title='bbox 1118 1350 1263 1439; x_wconf 87' lang='lat' dir='ltr'><strong>milites,</strong></span> 
     </span>
     <span class='ocr_line' id='line_1_10' title="bbox 191 1467 1266 1569; baseline -0.002 -30"><span class='ocrx_word' id='word_1_58' title='bbox 191 1470 262 1543; x_wconf 59' lang='lat' dir='ltr'><strong>nel</strong></span> <span class='ocrx_word' id='word_1_59' title='bbox 279 1469 465 1567; x_wconf 75' lang='lat' dir='ltr'><strong>armigeri,</strong></span> <span class='ocrx_word' id='word_1_60' title='bbox 486 1470 548 1569; x_wconf 86' lang='lat' dir='ltr'><strong>qui</strong></span> <span class='ocrx_word' id='word_1_61' title='bbox 567 1471 674 1542; x_wconf 88' lang='lat' dir='ltr'><strong>mane</strong></span> <span class='ocrx_word' id='word_1_62' title='bbox 694 1469 901 1567; x_wconf 87' lang='lat' dir='ltr'><strong>pabulatum</strong></span> <span class='ocrx_word' id='word_1_63' title='bbox 922 1482 1164 1568; x_wconf 79' lang='lat' dir='ltr'><strong>perrexerant,</strong></span> <span class='ocrx_word' id='word_1_64' title='bbox 1193 1467 1266 1538; x_wconf 89' lang='lat' dir='ltr'><strong>sive</strong></span> 
     </span>
     <span class='ocr_line' id='line_1_11' title="bbox 189 1582 1264 1682; baseline -0.004 -26"><span class='ocrx_word' id='word_1_65' title='bbox 189 1599 439 1682; x_wconf 74' lang='lat' dir='ltr'><strong>aucupatum,</strong></span> <span class='ocrx_word' id='word_1_66' title='bbox 460 1583 516 1655; x_wconf 95' lang='lat' dir='ltr'><strong>vel</strong></span> <span class='ocrx_word' id='word_1_67' title='bbox 533 1583 619 1656; x_wconf 88' lang='lat' dir='ltr'><strong>alias</strong></span> <span class='ocrx_word' id='word_1_68' title='bbox 634 1583 684 1655; x_wconf 91' lang='lat' dir='ltr'><strong>ob</strong></span> <span class='ocrx_word' id='word_1_69' title='bbox 700 1608 823 1656; x_wconf 90' lang='lat' dir='ltr'><strong>causas</strong></span> <span class='ocrx_word' id='word_1_70' title='bbox 843 1583 889 1656; x_wconf 88' lang='lat' dir='ltr'><strong>de</strong></span> <span class='ocrx_word' id='word_1_71' title='bbox 909 1584 1068 1655; x_wconf 90' lang='lat' dir='ltr'><strong>tentoriis</strong></span> <span class='ocrx_word' id='word_1_72' title='bbox 1090 1582 1264 1670; x_wconf 80' lang='lat' dir='ltr'><strong>exierant,</strong></span> 
     </span>
     <span class='ocr_line' id='line_1_12' title="bbox 190 1698 1267 1799; baseline -0.001 -30"><span class='ocrx_word' id='word_1_73' title='bbox 190 1701 430 1798; x_wconf 67' lang='lat' dir='ltr'><strong>repentinam</strong></span> <span class='ocrx_word' id='word_1_74' title='bbox 450 1701 757 1799; x_wconf 85' lang='lat' dir='ltr'><strong>impugnationem</strong></span> <span class='ocrx_word' id='word_1_75' title='bbox 782 1700 960 1790; x_wconf 86' lang='lat' dir='ltr'><strong>videntes,</strong></span> <span class='ocrx_word' id='word_1_76' title='bbox 986 1725 1052 1799; x_wconf 93' lang='lat' dir='ltr'><strong>per</strong></span> <span class='ocrx_word' id='word_1_77' title='bbox 1070 1725 1120 1771; x_wconf 87' lang='lat' dir='ltr'><strong>vn</strong></span> <span class='ocrx_word' id='word_1_78' title='bbox 1146 1698 1267 1795; x_wconf 87' lang='lat' dir='ltr'><strong>leugas</strong></span> 
     </span>
     <span class='ocr_line' id='line_1_13' title="bbox 195 1813 1268 1914; baseline 0 -27"><span class='ocrx_word' id='word_1_79' title='bbox 195 1813 250 1887; x_wconf 74' lang='lat' dir='ltr'><strong>ad</strong></span> <span class='ocrx_word' id='word_1_80' title='bbox 275 1814 402 1889; x_wconf 90' lang='lat' dir='ltr'><strong>urbem</strong></span> <span class='ocrx_word' id='word_1_81' title='bbox 430 1817 688 1914; x_wconf 81' lang='lat' dir='ltr'><strong>confugerunt,</strong></span> <span class='ocrx_word' id='word_1_82' title='bbox 716 1816 874 1914; x_wconf 91' lang='lat' dir='ltr'><strong>dirisque</strong></span> <span class='ocrx_word' id='word_1_83' title='bbox 902 1815 1108 1888; x_wconf 90' lang='lat' dir='ltr'><strong>rumoribus</strong></span> <span class='ocrx_word' id='word_1_84' title='bbox 1133 1815 1268 1888; x_wconf 82' lang='lat' dir='ltr'><strong>excitos</strong></span> 
     </span>
     <span class='ocr_line' id='line_1_14' title="bbox 192 1930 1268 2030; baseline -0.003 -27"><span class='ocrx_word' id='word_1_85' title='bbox 192 1930 299 2003; x_wconf 78' lang='lat' dir='ltr'><strong>cives</strong></span> <span class='ocrx_word' id='word_1_86' title='bbox 320 1931 368 2004; x_wconf 96' lang='lat' dir='ltr'><strong>ad</strong></span> <span class='ocrx_word' id='word_1_87' title='bbox 390 1932 636 2004; x_wconf 79' lang='lat' dir='ltr'><strong>defensionem</strong></span> <span class='ocrx_word' id='word_1_88' title='bbox 655 1931 777 2030; x_wconf 87' lang='lat' dir='ltr'><strong>patriae</strong></span> <span class='ocrx_word' id='word_1_89' title='bbox 793 1932 1079 2004; x_wconf 88' lang='lat' dir='ltr'><strong>concitaverunt.</strong></span> <span class='ocrx_word' id='word_1_90' title='bbox 1100 1935 1186 2003; x_wconf 83' lang='lat' dir='ltr'><strong>Fere</strong></span> <span class='ocrx_word' id='word_1_91' title='bbox 1201 1952 1268 2002; x_wconf 81' lang='lat' dir='ltr'><strong>cxr.</strong></span> 
     </span>
     <span class='ocr_line' id='line_1_15' title="bbox 199 2045 1266 2144; baseline 0.001 -27"><span class='ocrx_word' id='word_1_92' title='bbox 199 2058 302 2117; x_wconf 81' lang='lat' dir='ltr'><strong>extra</strong></span> <span class='ocrx_word' id='word_1_93' title='bbox 319 2048 471 2119; x_wconf 85' lang='lat' dir='ltr'><strong>tentoria</strong></span> <span class='ocrx_word' id='word_1_94' title='bbox 492 2061 697 2136; x_wconf 88' lang='lat' dir='ltr'><strong>evaserunt,</strong></span> <span class='ocrx_word' id='word_1_95' title='bbox 723 2047 802 2144; x_wconf 90' lang='lat' dir='ltr'><strong>qui,</strong></span> <span class='ocrx_word' id='word_1_96' title='bbox 826 2046 984 2120; x_wconf 86' lang='lat' dir='ltr'><strong>salvante</strong></span> <span class='ocrx_word' id='word_1_97' title='bbox 999 2050 1097 2132; x_wconf 91' lang='lat' dir='ltr'><strong>Deo,</strong></span> <span class='ocrx_word' id='word_1_98' title='bbox 1118 2045 1164 2119; x_wconf 91' lang='lat' dir='ltr'><strong>ad</strong></span> <span class='ocrx_word' id='word_1_99' title='bbox 1180 2069 1266 2144; x_wconf 89' lang='lat' dir='ltr'><strong>pro·</strong></span> 
     </span>
     <span class='ocr_line' id='line_1_16' title="bbox 204 2161 886 2235; baseline 0 -4"><span class='ocrx_word' id='word_1_100' title='bbox 204 2161 397 2233; x_wconf 88' lang='lat' dir='ltr'><strong>tectionem</strong></span> <span class='ocrx_word' id='word_1_101' title='bbox 414 2161 588 2234; x_wconf 86' lang='lat' dir='ltr'><strong>Fidelium</strong></span> <span class='ocrx_word' id='word_1_102' title='bbox 605 2162 773 2235; x_wconf 88' lang='lat' dir='ltr'><strong>reservati</strong></span> <span class='ocrx_word' id='word_1_103' title='bbox 790 2176 886 2235; x_wconf 87' lang='lat' dir='ltr'><strong>sunt.</strong></span> 
     </span>
    </p>

    <p class='ocr_par' dir='ltr' id='par_1_3' title="bbox 202 2275 1268 3648">
     <span class='ocr_line' id='line_1_17' title="bbox 251 2275 1267 2377; baseline -0.001 -31"><span class='ocrx_word' id='word_1_104' title='bbox 251 2276 315 2347; x_wconf 78' lang='lat' dir='ltr'><strong>rtis</strong></span> <span class='ocrx_word' id='word_1_105' title='bbox 327 2277 375 2347; x_wconf 88' lang='lat' dir='ltr'><strong>ita</strong></span> <span class='ocrx_word' id='word_1_106' title='bbox 389 2280 594 2377; x_wconf 87' lang='lat' dir='ltr'><strong>compertis,</strong></span> <span class='ocrx_word' id='word_1_107' title='bbox 609 2276 809 2351; x_wconf 87' lang='lat' dir='ltr'><strong>Bemardus</strong></span> <span class='ocrx_word' id='word_1_108' title='bbox 823 2276 1038 2366; x_wconf 87' lang='lat' dir='ltr'><strong>Patriarcha,</strong></span> <span class='ocrx_word' id='word_1_109' title='bbox 1056 2299 1140 2348; x_wconf 92' lang='lat' dir='ltr'><strong>cum</strong></span> <span class='ocrx_word' id='word_1_110' title='bbox 1154 2275 1267 2346; x_wconf 92' lang='lat' dir='ltr'><strong>omni·</strong></span> 
     </span>
     <span class='ocr_line' id='line_1_18' title="bbox 202 2390 1268 2494; baseline -0.001 -30"><span class='ocrx_word' id='word_1_111' title='bbox 202 2390 271 2464; x_wconf 87' lang='lat' dir='ltr'><strong>bus</strong></span> <span class='ocrx_word' id='word_1_112' title='bbox 289 2393 426 2466; x_wconf 89' lang='lat' dir='ltr'><strong>clericis</strong></span> <span class='ocrx_word' id='word_1_113' title='bbox 451 2409 487 2466; x_wconf 91' lang='lat' dir='ltr'><strong>et</strong></span> <span class='ocrx_word' id='word_1_114' title='bbox 508 2392 605 2466; x_wconf 92' lang='lat' dir='ltr'><strong>laicis</strong></span> <span class='ocrx_word' id='word_1_115' title='bbox 627 2418 719 2492; x_wconf 87' lang='lat' dir='ltr'><strong>quos</strong></span> <span class='ocrx_word' id='word_1_116' title='bbox 739 2395 900 2468; x_wconf 87' lang='lat' dir='ltr'><strong>invenire</strong></span> <span class='ocrx_word' id='word_1_117' title='bbox 919 2395 1054 2494; x_wconf 94' lang='lat' dir='ltr'><strong>potuit,</strong></span> <span class='ocrx_word' id='word_1_118' title='bbox 1078 2392 1124 2465; x_wconf 93' lang='lat' dir='ltr'><strong>ad</strong></span> <span class='ocrx_word' id='word_1_119' title='bbox 1143 2407 1268 2463; x_wconf 87' lang='lat' dir='ltr'><strong>tutan-</strong></span> 
     </span>
     <span class='ocr_line' id='line_1_19' title="bbox 203 2506 1268 2609; baseline -0.003 -28"><span class='ocrx_word' id='word_1_120' title='bbox 203 2506 289 2581; x_wconf 88' lang='lat' dir='ltr'><strong>dam</strong></span> <span class='ocrx_word' id='word_1_121' title='bbox 299 2508 426 2583; x_wconf 89' lang='lat' dir='ltr'><strong>urbem</strong></span> <span class='ocrx_word' id='word_1_122' title='bbox 437 2509 582 2582; x_wconf 87' lang='lat' dir='ltr'><strong>viriliter</strong></span> <span class='ocrx_word' id='word_1_123' title='bbox 595 2511 797 2583; x_wconf 78' lang='lat' dir='ltr'><strong>insurrexit.</strong></span> <span class='ocrx_word' id='word_1_124' title='bbox 811 2510 933 2583; x_wconf 86' lang='lat' dir='ltr'><strong>Cicilia</strong></span> <span class='ocrx_word' id='word_1_125' title='bbox 944 2534 1090 2609; x_wconf 90' lang='lat' dir='ltr'><strong>quoque</strong></span> <span class='ocrx_word' id='word_1_126' title='bbox 1101 2509 1170 2607; x_wconf 81' lang='lat'><strong>(2),</strong></span> <span class='ocrx_word' id='word_1_127' title='bbox 1189 2508 1268 2579; x_wconf 88' lang='lat' dir='ltr'><strong>Phi·</strong></span> 
     </span>
     <span class='ocr_line' id='line_1_20' title="bbox 204 2621 1264 2725; baseline 0 -30"><span class='ocrx_word' id='word_1_128' title='bbox 204 2621 291 2722; x_wconf 91' lang='lat' dir='ltr'><strong>lippi</strong></span> <span class='ocrx_word' id='word_1_129' title='bbox 312 2629 532 2698; x_wconf 84' lang='lat' dir='ltr'><strong>Francorum</strong></span> <span class='ocrx_word' id='word_1_130' title='bbox 552 2627 644 2723; x_wconf 90' lang='lat' dir='ltr'><strong>regis</strong></span> <span class='ocrx_word' id='word_1_131' title='bbox 664 2625 754 2715; x_wconf 87' lang='lat' dir='ltr'><strong>lilia,</strong></span> <span class='ocrx_word' id='word_1_132' title='bbox 778 2652 858 2725; x_wconf 86' lang='lat' dir='ltr'><strong>quae</strong></span> <span class='ocrx_word' id='word_1_133' title='bbox 876 2625 1050 2698; x_wconf 88' lang='lat' dir='ltr'><strong>Tancredi</strong></span> <span class='ocrx_word' id='word_1_134' title='bbox 1072 2649 1162 2696; x_wconf 88' lang='lat' dir='ltr'><strong>uxor</strong></span> <span class='ocrx_word' id='word_1_135' title='bbox 1183 2622 1264 2712; x_wconf 87' lang='lat' dir='ltr'><strong>luit,</strong></span> 
     </span>
     <span class='ocr_line' id='line_1_21' title="bbox 203 2737 1267 2831; baseline -0.004 -20"><span class='ocrx_word' id='word_1_136' title='bbox 203 2740 413 2811; x_wconf 87' lang='lat' dir='ltr'><strong>Gervasium</strong></span> <span class='ocrx_word' id='word_1_137' title='bbox 433 2742 635 2831; x_wconf 86' lang='lat' dir='ltr'><strong>Britonem,</strong></span> <span class='ocrx_word' id='word_1_138' title='bbox 662 2742 848 2814; x_wconf 87' lang='lat' dir='ltr'><strong>Haimonis</strong></span> <span class='ocrx_word' id='word_1_139' title='bbox 867 2740 1031 2814; x_wconf 90' lang='lat' dir='ltr'><strong>Dolensis</strong></span> <span class='ocrx_word' id='word_1_140' title='bbox 1051 2737 1267 2811; x_wconf 88' lang='lat' dir='ltr'><strong>vicecomitis</strong></span> 
     </span>
     <span class='ocr_line' id='line_1_22' title="bbox 205 2850 1266 2955; baseline -0.001 -31"><span class='ocrx_word' id='word_1_141' title='bbox 205 2850 332 2945; x_wconf 90' lang='lat' dir='ltr'><strong>lilium,</strong></span> <span class='ocrx_word' id='word_1_142' title='bbox 348 2855 497 2928; x_wconf 89' lang='lat' dir='ltr'><strong>militem</strong></span> <span class='ocrx_word' id='word_1_143' title='bbox 511 2856 605 2948; x_wconf 85' lang='lat' dir='ltr'><strong>lecit,</strong></span> <span class='ocrx_word' id='word_1_144' title='bbox 624 2855 783 2955; x_wconf 91' lang='lat' dir='ltr'><strong>aliosque</strong></span> <span class='ocrx_word' id='word_1_145' title='bbox 797 2855 917 2955; x_wconf 89' lang='lat' dir='ltr'><strong>plures</strong></span> <span class='ocrx_word' id='word_1_146' title='bbox 929 2856 1124 2952; x_wconf 89' lang='lat' dir='ltr'><strong>armigeros</strong></span> <span class='ocrx_word' id='word_1_147' title='bbox 1138 2852 1266 2924; x_wconf 88' lang='lat' dir='ltr'><strong>milita-</strong></span> 
     </span>
     <span class='ocr_line' id='line_1_23' title="bbox 206 2964 1263 3069; baseline -0.001 -29"><span class='ocrx_word' id='word_1_148' title='bbox 206 2964 305 3042; x_wconf 89' lang='lat' dir='ltr'><strong>ribus</strong></span> <span class='ocrx_word' id='word_1_149' title='bbox 318 2971 426 3042; x_wconf 89' lang='lat' dir='ltr'><strong>armis</strong></span> <span class='ocrx_word' id='word_1_150' title='bbox 442 2986 570 3044; x_wconf 88' lang='lat' dir='ltr'><strong>contra</strong></span> <span class='ocrx_word' id='word_1_151' title='bbox 585 2975 748 3069; x_wconf 85' lang='lat' dir='ltr'><strong>Paganos</strong></span> <span class='ocrx_word' id='word_1_152' title='bbox 764 2971 941 3043; x_wconf 82' lang='lat' dir='ltr'><strong>instruxit.</strong></span> <span class='ocrx_word' id='word_1_153' title='bbox 957 2967 1115 3042; x_wconf 88' lang='lat' dir='ltr'><strong>Gentiles</strong></span> <span class='ocrx_word' id='word_1_154' title='bbox 1132 2982 1263 3054; x_wconf 89' lang='lat' dir='ltr'><strong>autem,</strong></span> 
     </span>
     <span class='ocr_line' id='line_1_24' title="bbox 206 3080 1266 3182; baseline 0 -29"><span class='ocrx_word' id='word_1_155' title='bbox 206 3094 303 3154; x_wconf 78' lang='lat' dir='ltr'><strong>tanta</strong></span> <span class='ocrx_word' id='word_1_156' title='bbox 335 3098 450 3181; x_wconf 83' lang='lat' dir='ltr'><strong>strage</strong></span> <span class='ocrx_word' id='word_1_157' title='bbox 477 3085 759 3157; x_wconf 91' lang='lat' dir='ltr'><strong>Christianorum</strong></span> <span class='ocrx_word' id='word_1_158' title='bbox 798 3085 901 3174; x_wconf 88' lang='lat' dir='ltr'><strong>elati,</strong></span> <span class='ocrx_word' id='word_1_159' title='bbox 940 3081 1182 3182; x_wconf 89' lang='lat' dir='ltr'><strong>conglobatim</strong></span> <span class='ocrx_word' id='word_1_160' title='bbox 1220 3080 1266 3153; x_wconf 97' lang='lat' dir='ltr'><strong>ad</strong></span> 
     </span>
     <span class='ocr_line' id='line_1_25' title="bbox 206 3196 1267 3299; baseline 0 -31"><span class='ocrx_word' id='word_1_161' title='bbox 206 3196 330 3271; x_wconf 88' lang='lat' dir='ltr'><strong>urbem</strong></span> <span class='ocrx_word' id='word_1_162' title='bbox 341 3201 593 3291; x_wconf 86' lang='lat' dir='ltr'><strong>convolarunt,</strong></span> <span class='ocrx_word' id='word_1_163' title='bbox 609 3201 832 3272; x_wconf 80' lang='lat' dir='ltr'><strong>Antiochiam</strong></span> <span class='ocrx_word' id='word_1_164' title='bbox 843 3226 887 3271; x_wconf 84' lang='lat' dir='ltr'><strong>ex</strong></span> <span class='ocrx_word' id='word_1_165' title='bbox 898 3201 1092 3299; x_wconf 86' lang='lat' dir='ltr'><strong>insperato,</strong></span> <span class='ocrx_word' id='word_1_166' title='bbox 1104 3197 1267 3271; x_wconf 82' lang='lat' dir='ltr'><strong>defenso·</strong></span> 
     </span>
     <span class='ocr_line' id='line_1_26' title="bbox 205 3312 1267 3415; baseline -0.002 -28"><span class='ocrx_word' id='word_1_167' title='bbox 205 3312 301 3387; x_wconf 89' lang='lat' dir='ltr'><strong>vibus</strong></span> <span class='ocrx_word' id='word_1_168' title='bbox 315 3316 453 3407; x_wconf 90' lang='lat' dir='ltr'><strong>occisis,</strong></span> <span class='ocrx_word' id='word_1_169' title='bbox 468 3317 608 3415; x_wconf 87' lang='lat' dir='ltr'><strong>ingredi</strong></span> <span class='ocrx_word' id='word_1_170' title='bbox 620 3317 812 3389; x_wconf 86' lang='lat' dir='ltr'><strong>machinati</strong></span> <span class='ocrx_word' id='word_1_171' title='bbox 823 3331 923 3404; x_wconf 90' lang='lat' dir='ltr'><strong>sunt;</strong></span> <span class='ocrx_word' id='word_1_172' title='bbox 939 3314 1017 3407; x_wconf 90' lang='lat' dir='ltr'><strong>sed,</strong></span> <span class='ocrx_word' id='word_1_173' title='bbox 1029 3314 1267 3414; x_wconf 87' lang='lat' dir='ltr'><strong>praeveniente</strong></span> 
     </span>
     <span class='ocr_line' id='line_1_27' title="bbox 205 3429 1265 3532; baseline -0.001 -29"><span class='ocrx_word' id='word_1_174' title='bbox 205 3430 298 3520; x_wconf 84' lang='lat' dir='ltr'><strong>Deo,</strong></span> <span class='ocrx_word' id='word_1_175' title='bbox 322 3455 388 3530; x_wconf 88' lang='lat' dir='ltr'><strong>per</strong></span> <span class='ocrx_word' id='word_1_176' title='bbox 407 3457 534 3504; x_wconf 89' lang='lat' dir='ltr'><strong>manus</strong></span> <span class='ocrx_word' id='word_1_177' title='bbox 550 3456 746 3532; x_wconf 86' lang='lat' dir='ltr'><strong>paucorum</strong></span> <span class='ocrx_word' id='word_1_178' title='bbox 769 3431 943 3504; x_wconf 86' lang='lat' dir='ltr'><strong>Fidelium</strong></span> <span class='ocrx_word' id='word_1_179' title='bbox 961 3456 982 3504; x_wconf 92' lang='lat' dir='ltr'><strong>a</strong></span> <span class='ocrx_word' id='word_1_180' title='bbox 999 3429 1176 3530; x_wconf 89' lang='lat' dir='ltr'><strong>repagulis</strong></span> <span class='ocrx_word' id='word_1_181' title='bbox 1191 3433 1265 3502; x_wconf 82' lang='lat' dir='ltr'><strong>An·</strong></span> 
     </span>
     <span class='ocr_line' id='line_1_28' title="bbox 205 3544 800 3648; baseline 0.005 -32"><span class='ocrx_word' id='word_1_182' title='bbox 205 3544 377 3618; x_wconf 88' lang='lat' dir='ltr'><strong>tiochenis</strong></span> <span class='ocrx_word' id='word_1_183' title='bbox 393 3548 536 3646; x_wconf 89' lang='lat' dir='ltr'><strong>penitus</strong></span> <span class='ocrx_word' id='word_1_184' title='bbox 551 3548 685 3648; x_wconf 90' lang='lat' dir='ltr'><strong>repulsi</strong></span> <span class='ocrx_word' id='word_1_185' title='bbox 703 3563 800 3620; x_wconf 93' lang='lat' dir='ltr'><strong>sunt.</strong></span> 
     </span>
    </p>
   </div>
   <div class='ocr_carea' id='block_1_3' title="bbox 208 3884 1297 4230">
    <p class='ocr_par' dir='ltr' id='par_1_4' title="bbox 208 3884 1297 4138">
     <span class='ocr_line' id='line_1_29' title="bbox 238 3884 1266 3963; baseline 0.002 -25"><span class='ocrx_word' id='word_1_186' title='bbox 238 3885 280 3954; x_wconf 84' lang='lat' dir='ltr'><strong>(l)</strong></span> <span class='ocrx_word' id='word_1_187' title='bbox 295 3884 513 3942; x_wconf 82' lang='lat' dir='ltr'><strong>Probablement</strong></span> <span class='ocrx_word' id='word_1_188' title='bbox 524 3888 567 3943; x_wconf 86' lang='lat' dir='ltr'><strong>lils</strong></span> <span class='ocrx_word' id='word_1_189' title='bbox 578 3888 614 3943; x_wconf 92' lang='lat' dir='ltr'><strong>de</strong></span> <span class='ocrx_word' id='word_1_190' title='bbox 627 3888 735 3943; x_wconf 86' lang='lat' dir='ltr'><strong>Robert</strong></span> <span class='ocrx_word' id='word_1_191' title='bbox 747 3888 782 3943; x_wconf 89' lang='lat' dir='ltr'><strong>de</strong></span> <span class='ocrx_word' id='word_1_192' title='bbox 795 3888 1132 3958; x_wconf 64' lang='lat' dir='ltr'><strong>Vicus-PonteunDive,</strong></span> <span class='ocrx_word' id='word_1_193' title='bbox 1147 3890 1196 3963; x_wconf 91' lang='lat' dir='ltr'><strong>qui</strong></span> <span class='ocrx_word' id='word_1_194' title='bbox 1208 3889 1266 3960; x_wconf 92' lang='lat' dir='ltr'><strong>prit</strong></span> 
     </span>
     <span class='ocr_line' id='line_1_30' title="bbox 208 3967 1264 4050; baseline 0.005 -26"><span class='ocrx_word' id='word_1_195' title='bbox 208 3967 232 4024; x_wconf 84' lang='lat' dir='ltr'><strong>le</strong></span> <span class='ocrx_word' id='word_1_196' title='bbox 242 3969 301 4026; x_wconf 80' lang='lat' dir='ltr'><strong>froc</strong></span> <span class='ocrx_word' id='word_1_197' title='bbox 312 3975 329 4027; x_wconf 71' lang='lat' dir='ltr'><strong>a</strong></span> <span class='ocrx_word' id='word_1_198' title='bbox 340 3973 668 4032; x_wconf 67' lang='lat' dir='ltr'><strong>sunt-pierresur-nive</strong></span> <span class='ocrx_word' id='word_1_199' title='bbox 680 3995 744 4032; x_wconf 87' lang='lat' dir='ltr'><strong>sous</strong></span> <span class='ocrx_word' id='word_1_200' title='bbox 753 3976 779 4032; x_wconf 88' lang='lat' dir='ltr'><strong>le</strong></span> <span class='ocrx_word' id='word_1_201' title='bbox 788 3979 873 4050; x_wconf 76' lang='lat' dir='ltr'><strong>regne</strong></span> <span class='ocrx_word' id='word_1_202' title='bbox 882 3977 917 4035; x_wconf 90' lang='lat' dir='ltr'><strong>de</strong></span> <span class='ocrx_word' id='word_1_203' title='bbox 926 3977 1264 4049; x_wconf 69' lang='lat' dir='ltr'><strong>Guillaumele-(huqne-</strong></span> 
     </span>
     <span class='ocr_line' id='line_1_31' title="bbox 209 4061 1297 4138; baseline 0.006 -25"><span class='ocrx_word' id='word_1_204' title='bbox 209 4070 277 4117; x_wconf 83' lang='lat' dir='ltr'><strong>rant.</strong></span> <span class='ocrx_word' id='word_1_205' title='bbox 290 4061 386 4134; x_wconf 83' lang='lat' dir='ltr'><strong>Voyez</strong></span> <span class='ocrx_word' id='word_1_206' title='bbox 398 4062 425 4119; x_wconf 82' lang='lat' dir='ltr'><strong>la</strong></span> <span class='ocrx_word' id='word_1_207' title='bbox 437 4064 535 4121; x_wconf 84' lang='lat' dir='ltr'><strong>charte</strong></span> <span class='ocrx_word' id='word_1_208' title='bbox 546 4065 582 4120; x_wconf 88' lang='lat' dir='ltr'><strong>de</strong></span> <span class='ocrx_word' id='word_1_209' title='bbox 593 4066 683 4122; x_wconf 87' lang='lat' dir='ltr'><strong>Henri</strong></span> <span class='ocrx_word' id='word_1_210' title='bbox 698 4067 731 4120; x_wconf 66' lang='lat'><strong>1²¹</strong></span> <span class='ocrx_word' id='word_1_211' title='bbox 743 4085 779 4122; x_wconf 90' lang='lat' dir='ltr'><strong>en</strong></span> <span class='ocrx_word' id='word_1_212' title='bbox 792 4066 887 4123; x_wconf 82' lang='lat' dir='ltr'><strong>lavent</strong></span> <span class='ocrx_word' id='word_1_213' title='bbox 899 4067 935 4123; x_wconf 87' lang='lat' dir='ltr'><strong>de</strong></span> <span class='ocrx_word' id='word_1_214' title='bbox 947 4078 1021 4124; x_wconf 85' lang='lat' dir='ltr'><strong>cette</strong></span> <span class='ocrx_word' id='word_1_215' title='bbox 1032 4064 1146 4138; x_wconf 75' lang='lat' dir='ltr'><strong>abbaye.</strong></span> <span class='ocrx_word' id='word_1_216' title='bbox 1237 4132 1239 4136; x_wconf 11' lang='grc' dir='ltr'><em>Α</em></span> <span class='ocrx_word' id='word_1_217' title='bbox 1291 4105 1297 4120; x_wconf 93' lang='grc'><em>.</em></span> 
     </span>
    </p>

    <p class='ocr_par' dir='ltr' id='par_1_5' title="bbox 240 4148 872 4230">
     <span class='ocr_line' id='line_1_32' title="bbox 240 4148 872 4230; baseline 0.003 -23"><span class='ocrx_word' id='word_1_218' title='bbox 240 4148 279 4219; x_wconf 79' lang='lat'><strong>(2)</strong></span> <span class='ocrx_word' id='word_1_219' title='bbox 295 4149 436 4208; x_wconf 72' lang='lat' dir='ltr'><strong>cecitate</strong></span> <span class='ocrx_word' id='word_1_220' title='bbox 446 4152 561 4223; x_wconf 64' lang='lat' dir='ltr'><strong>Frena,</strong></span> <span class='ocrx_word' id='word_1_221' title='bbox 576 4154 630 4213; x_wconf 82' lang='lat' dir='ltr'><strong>fitte</strong></span> <span class='ocrx_word' id='word_1_222' title='bbox 642 4154 678 4212; x_wconf 81' lang='lat' dir='ltr'><strong>dc</strong></span> <span class='ocrx_word' id='word_1_223' title='bbox 689 4154 820 4230; x_wconf 71' lang='lat' dir='ltr'><strong>Philippa</strong></span> <span class='ocrx_word' id='word_1_224' title='bbox 830 4155 872 4212; x_wconf 76' lang='lat'><strong>1“.</strong></span> 
     </span>
    </p>
   </div>
   <div class='ocr_carea' id='block_1_4' title="bbox 0 0 1451 4934">
    <p class='ocr_par' dir='ltr' id='par_1_6' title="bbox 0 0 1451 4934">
     <span class='ocr_line' id='line_1_33' title="bbox 0 0 1451 4934; baseline 0 0"><span class='ocrx_word' id='word_1_225' title='bbox 0 0 1451 4934; x_wconf 95' lang='lat' dir='ltr'><strong> </strong></span> 
     </span>
    </p>
   </div>
  </div>
 </body>
</html>
