2888 4934
201 425 261 488 4⁴6
471 423 656 487 HISTORIA
677 422 979 488 acetasttsttca.
1147 431 1253 511 [lm]

249 559 300 630 Ad
320 581 480 630 mensam
501 559 591 630 hora
609 583 706 630 nona
722 558 776 656 (l)
788 558 916 657 praesul
931 556 1079 646 resedit;
1098 558 1181 649 sed,
1198 586 1254 633 su·

198 673 318 771 pernis
326 672 401 770 jam
414 671 598 763 anhelans,
612 672 657 743 de
668 671 900 771 praesentibus
911 671 961 744 nil
971 671 1144 744 comedit.
1161 673 1255 747 Alios

197 805 315 862 autem
330 813 405 860 non
423 788 525 860 avide
538 789 807 882 manducantes,
825 812 916 885 quos
927 789 1099 860 nimirum
1113 791 1255 863 tristitia

196 903 397 1001 repleverit,
411 903 546 1003 pabulo
560 904 731 976 doctrinae
742 927 889 1002 pascens
901 903 1057 976 ubertim
1071 905 1250 995 instrum,

196 1033 233 1088 et
244 1043 365 1090 semen
379 1019 478 1091 verbi
495 1020 575 1113 Dei,
593 1033 717 1117 utpote
730 1019 879 1092 affluens
889 1018 1175 1111 seminiverbius,
1189 1020 1254 1092 lar·

196 1134 284 1229 giter
297 1134 472 1233 dispersit.
494 1134 646 1226 Nullam,
660 1148 701 1206 ut
711 1158 804 1226 reor,
820 1133 1074 1230 elegantiorem
1089 1134 1252 1227 serlone,

196 1273 257 1320 seu
280 1249 524 1321 facundiorem
545 1251 763 1322 Normannia
779 1250 918 1348 prolem
933 1248 1093 1347 protulit.
1112 1250 1254 1322 Statura

194 1365 291 1435 enim
321 1379 397 1436 erat
429 1365 636 1457 mediocris,
669 1379 706 1436 et
736 1365 834 1437 omni
867 1362 997 1436 decore
1028 1363 1251 1462 spectabilis,

195 1491 303 1573 prout
322 1478 481 1550 bumana
500 1480 633 1578 species
654 1479 779 1575 exigit,
805 1481 1059 1577 terrigenaeque
1081 1479 1147 1575 qui
1163 1479 1253 1551 mul·

195 1593 238 1665 tis
263 1596 417 1692 repletur
441 1595 591 1666 miseriis
616 1596 800 1693 competit.
834 1599 874 1666 ln
901 1593 1145 1666 adolescentia
1170 1618 1251 1666 vero

193 1709 292 1781 rufus
312 1710 394 1799 suit,
420 1712 458 1782 in
476 1711 663 1807 juventute
689 1711 761 1783 cito
783 1711 920 1802 canuit,
947 1724 984 1785 et
1006 1724 1089 1781 ante
1113 1708 1253 1782 obitum

194 1851 296 1898 suum
327 1828 399 1899 lere
426 1854 447 1898 n
474 1829 575 1899 annis
603 1828 727 1899 niveus
756 1826 900 1899 effidsit.
935 1830 1019 1898 Erat
1048 1825 1150 1897 idem
1183 1841 1252 1898 tam

193 1943 412 2015 saectdarium
421 1967 529 2039 quam
539 1941 740 2014 divinarum
751 1941 952 2013 eruditione
963 1940 1164 2012 litterarum
1171 1940 1252 2012 doo-

193 2057 362 2150 tissimus,
387 2057 489 2130 acad
510 2058 675 2130 universa
690 2082 769 2154 quae
785 2054 1083 2155 proponebantur
1101 2080 1251 2152 respon·

192 2170 279 2242 dere
309 2174 606 2270 promptissimus.
640 2176 681 2243 ln
716 2172 816 2243 malis
847 2171 1017 2269 pertinaci
1051 2169 1251 2242 admodum

192 2299 267 2356 erat
293 2301 466 2378 austerus,
491 2289 553 2360 sed
576 2313 658 2360 cum
685 2287 769 2380 fletu
794 2286 909 2359 scelus
934 2310 1040 2358 suum
1063 2284 1249 2358 confitenti

191 2397 499 2493 clementissimus,
530 2416 566 2473 et
590 2425 690 2472 more
713 2402 765 2500 pii
788 2402 897 2498 patris
917 2425 1001 2498 erga
1020 2399 1249 2496 languentem

191 2514 304 2588 filium
326 2516 541 2603 mitissimus.
562 2515 671 2588 Multa
690 2515 736 2586 de
753 2514 814 2587 illo
830 2515 932 2587 'bona
948 2539 1093 2613 possem
1110 2514 1246 2606 dicem

191 2631 254 2703 sed
280 2630 376 2703 dicta
399 2656 478 2703 mea
504 2644 688 2728 nequeunt
711 2628 756 2701 ab
783 2631 845 2702 illo
870 2645 1021 2702 mortem
1049 2654 1243 2701 removere.

190 2749 367 2842 Fatigatus
391 2746 438 2819 ad
463 2748 531 2819 alia
555 2746 680 2838 tendo,
703 2746 920 2844 incoeptique
940 2746 1070 2817 seriem
1094 2746 1181 2818 libri
1202 2743 1246 2817 ad

189 2858 322 2934 calcem
340 2862 470 2934 ducere
487 2862 607 2958 glisco.

238 2979 388 3072 Surgere
405 2976 451 3047 de
467 3000 590 3047 mensa
607 2992 688 3073 post
704 2976 930 3048 relectionem
946 2975 1078 3073 paratis
1094 2975 1247 3044 nuncius

189 3091 306 3183 alluit,
338 3093 400 3189 qui
427 3091 623 3164 cardinales
657 3096 861 3163 Romanos:
882 3095 1024 3162 Petrum
1051 3103 1087 3160 et
1112 3092 1246 3185 Grego-

189 3206 281 3276 rium
294 3206 347 3301 (2)
363 3208 484 3279 adesse
502 3209 630 3278 retulit.
652 3209 775 3304 Vigilia
789 3207 921 3304 quippe
935 3220 1144 3277 sanctorum
1156 3208 1248 3301 Apo·

189 3319 361 3391 stolorum
376 3324 531 3393 Simonis
546 3336 582 3393 et
598 3321 696 3393 ludae
713 3336 798 3395 tunc
814 3320 996 3417 agebatur.
1016 3323 1099 3390 Mox
1118 3316 1246 3416 praesul

188 3433 323 3504 clericis
338 3451 373 3505 et
387 3436 689 3535 dispensatoribus
707 3438 778 3507 suis
797 3436 884 3507 dixit
904 3464 911 3506 :
932 3434 1104 3505 Velociter
1122 3437 1189 3520 ite,
1213 3448 1249 3501 et

187 3545 371 3646 diligenter
383 3555 552 3622 Romanu
563 3555 700 3636 servite,
719 3548 941 3620 abundanter
957 3550 1009 3618 eis
1019 3550 1143 3617 omnia
1159 3546 1247 3616 dan·

189 3679 238 3735 tes
249 3688 325 3761 quae
337 3670 532 3736 necessan'a
545 3682 639 3751 sunt,
656 3668 740 3763 quaa
754 3664 961 3762 legationem
973 3660 1113 3731 damini
1123 3665 1243 3756 Papae,

221 3890 260 3956 (t)
278 3888 302 3941 A
317 3885 384 3940 trois
396 3884 497 3938 heures
510 3888 590 3957 apres
602 3888 680 3943 midi.

221 3972 259 4043 (Ξ)
278 3973 372 4027 Pierre
392 3971 427 4026 de
447 3972 536 4040 Leon,
557 3973 618 4043 plus
639 3974 700 4029 tard
719 3975 859 4047 Antipape
877 3991 940 4028 sous
958 3973 983 4026 le
1002 3989 1069 4026 nom
1088 3971 1244 4026 d'Anaclet.

189 4063 280 4133 Voyez
296 4081 327 4117 ce
343 4080 398 4135 que
413 4079 482 4116 nous
499 4080 534 4115 en
546 4078 629 4115 avons
644 4063 687 4117 dit
703 4064 855 4135 ci-dessus,
871 4082 899 4135 p.
914 4065 975 4119 384.
987 4092 1024 4105 --
1036 4062 1195 4134 Gregoire,
1209 4059 1245 4115 de

187 4149 209 4201 la
222 4150 324 4206 tantille
335 4151 383 4205 des
395 4151 472 4223 Papi,
486 4150 534 4223 qui
547 4149 589 4204 fut
601 4149 662 4222 plus
675 4151 738 4205 tard
750 4154 824 4225 Pape
836 4169 898 4207 sous
911 4149 936 4205 le
946 4168 1012 4206 nom
1025 4149 1192 4206 d'Innooent
1203 4149 1241 4204 Π.
