2888 4934
189 392 249 453 20l
348 385 350 390 ⁸
461 394 645 455 utstotttt
668 396 975 457 ECCLlLSlASTlCA.
1143 402 1247 480 [1005]

188 531 318 605 familia
334 532 424 627 regis
441 547 631 629 ceperunt,
650 546 686 604 et
705 537 741 603 in
759 553 901 603 carcere
917 530 1067 619 diutius,
1091 547 1167 605 tam
1183 557 1249 631 pro

188 646 380 744 cupiditate
395 645 664 742 redemptionis,
681 671 790 744 quam
803 671 870 746 pro
888 661 1096 744 contemptu
1111 662 1148 718 et
1164 647 1250 720 odio

188 761 491 849 dominicorum,
513 774 776 834 coartaverunt.
805 761 910 833 Unde
936 763 1087 861 impiger
1110 787 1192 850 rex,
1213 776 1251 835 ut

188 878 264 950 haec
285 877 437 966 audivit,
463 875 610 948 classem
637 878 755 975 parari
777 877 956 975 praecepit.
983 882 1022 948 ln
1051 878 1251 950 Neustriam

187 1019 271 1066 vere
292 991 545 1080 transfretavit,
569 993 661 1063 etin
682 993 807 1065 ultima
831 992 1118 1089 Quadragesimae
1138 993 1252 1091 septi·

187 1133 295 1182 mana
309 1109 383 1205 (l),
408 1122 552 1206 portum
575 1108 637 1203 qui
659 1107 839 1180 Barballot
855 1107 985 1180 dicitur
1007 1106 1197 1204 applicuit,
1216 1123 1251 1180 et

187 1225 336 1298 sabbato
352 1222 494 1293 Paschae
510 1248 619 1320 super
638 1221 728 1294 rada
750 1224 858 1312 Virae,
879 1224 916 1293 in
937 1223 1018 1294 vico
1035 1223 1097 1320 qui
1117 1226 1251 1296 Caren-

188 1354 306 1410 tomus
324 1349 487 1424 vocatur,
507 1335 709 1434 hospitatus
727 1337 872 1433 quievit.

235 1457 333 1523 Tunc
358 1450 569 1522 venerabilis
593 1451 712 1539 Serlo,
739 1451 915 1548 Sagiensis
934 1450 1140 1549 episcopus,
1169 1450 1251 1522 illuc

187 1568 351 1654 advenit3
377 1566 512 1664 primus
537 1570 827 1638 Normannorum
846 1590 951 1637 suum
972 1567 1047 1666 regi
1067 1566 1251 1637 servitium

187 1681 372 1772 exhibens,
389 1684 557 1772 occurrit,
576 1683 695 1780 ibique
714 1683 798 1780 Regi
813 1686 947 1778 Regum
960 1682 1095 1753 initiata
1111 1681 1252 1754 Paschae

187 1796 349 1868 solennia
365 1796 567 1868 celebravit.
589 1801 767 1893 Cumque,
787 1797 894 1874 sacris
911 1795 1057 1867 indutus
1073 1794 1250 1883 vestibus,

187 1911 224 1982 in
235 1911 382 1982 ecclesia
392 1935 475 1982 cum
488 1935 570 2006 rege
582 1911 803 1998 consisteret,
814 1924 850 1981 et
860 1933 1001 1982 sacrum
1010 1907 1171 1980 officium
1178 1910 1252 2006 jam

187 2026 358 2097 inchoare
375 2026 493 2117 vellet,
516 2025 579 2097 sed
596 2041 814 2098 conventum
831 2025 945 2124 plebis
962 2040 997 2097 et
1011 2025 1151 2097 familia:
1163 2026 1255 2124 regis

187 2142 363 2240 patienter
379 2156 616 2240 exspectaret,
636 2141 819 2214 basilicam
835 2140 951 2212 archis
969 2141 1180 2240 pagensium
1199 2142 1253 2236 (2)

188 2281 270 2327 cum
289 2257 392 2326 variis
413 2257 622 2330 utensilibus
637 2271 673 2328 et
691 2255 902 2328 multimoda
920 2255 1129 2354 supellectili
1145 2280 1254 2328 occu·

187 2387 307 2471 patam
324 2373 516 2470 perspexit,
537 2388 571 2444 et
590 2372 698 2470 longo
717 2372 861 2444 trahens
872 2398 955 2444 cum
972 2396 1127 2444 moerore
1143 2372 1257 2468 suspi·

188 2487 253 2576 ria,
271 2487 357 2584 regi,
374 2487 435 2583 qui
452 2489 534 2558 satis
549 2486 733 2558 humiliter
745 2486 838 2559 inter
852 2488 956 2559 cistas
968 2487 1023 2584 (3)
1038 2485 1254 2558 rusticorum

187 2603 224 2675 in
243 2604 316 2675 imo
332 2603 413 2678 loco
430 2603 576 2676 sedebat
592 2628 675 2675 cum
696 2603 910 2701 quibusdam
926 2604 1120 2699 magnatis,
1141 2602 1249 2675 dixit:

121 2891 125 2899 ’
188 2895 289 2970 pillage
303 2895 338 2950 de
349 2896 374 2950 la
387 2895 451 2951 ville
468 2895 504 2950 de
518 2896 618 2951 Baienx
629 2906 658 2950 et
668 2894 817 2952 l’incendie
830 2895 864 2949 de
877 2912 905 2949 sa
918 2893 1087 2948 cathedrale.
1100 2894 1184 2948 C’erit
1195 2895 1252 2959 ete,

188 3003 260 3056 pour
273 2984 298 3038 le
309 3002 395 3058 coup,
411 3003 449 3039 un
461 2984 616 3039 chetiment
627 3002 677 3057 par
689 2983 870 3056 anticipatiou
881 3006 886 3036 :
897 3002 944 3036 car
955 3001 999 3036 ces
1012 2981 1149 3036 desastres
1161 2982 1254 3037 lurent

187 3074 358 3144 posterieurs
370 3077 384 3128 e
398 3072 545 3127 l'accident
559 3073 608 3147 qui
625 3070 702 3146 priva
722 3071 830 3127 Robert
846 3072 1043 3127 Flu-Hannon
1058 3070 1093 3125 dc
1107 3088 1137 3124 sa
1151 3071 1252 3124 raison.

189 3162 273 3227 Mais,
291 3160 384 3231 ajonte
396 3162 564 3230 l'historien‚
581 3179 625 3215 ces
641 3162 814 3232 conjectures
828 3161 932 3215 etaient
947 3162 1094 3214 erroneos:
1107 3178 1155 3213 car
1171 3158 1198 3214 le
1213 3160 1253 3214 roi

189 3250 287 3319 repara
301 3250 547 3323 magniliquement
560 3249 600 3304 les
614 3249 774 3321 dommages
786 3248 821 3302 de
837 3249 862 3302 la
876 3248 1035 3304 cathedrale
1047 3246 1082 3302 de
1095 3248 1212 3314 Balenx,
1227 3257 1255 3300 et

189 3335 297 3390 Robert
313 3339 475 3392 construisit
489 3342 503 3392 a
518 3337 706 3410 Tewlxesbury
721 3354 777 3391 une
790 3337 895 3410 abbaye
908 3337 980 3391 aussi
994 3333 1147 3389 admirable
1165 3353 1216 3406 par
1232 3332 1256 3386 la

189 3426 289 3480 beame
301 3425 350 3480 des
362 3425 472 3481 edifices
485 3428 532 3499 qui
545 3427 570 3480 la
581 3426 725 3497 decorent,
738 3444 793 3500 que
805 3445 855 3499 par
867 3425 891 3479 la
905 3424 1013 3479 charite
1025 3422 1074 3477 des
1087 3423 1196 3475 moines
1205 3421 1254 3494 qni

189 3514 355 3586 l'oecupent.
377 3516 486 3587 Voyez,
505 3513 574 3568 dans
588 3514 613 3569 le
632 3516 808 3569 Monosticon
822 3514 1029 3586 Anglicanum,
1048 3520 1069 3564 t.
1090 3510 1118 3576 l,
1139 3527 1167 3582 p.
1187 3511 1255 3576 453,

189 3602 304 3657 l'article
316 3604 502 3658 tres-curiensi
517 3606 646 3658 consuere
660 3607 675 3658 h
687 3602 810 3674 l’abbaye
821 3602 857 3657 de
869 3601 1070 3670 Tewlreobury.

225 3691 264 3760 (l)
283 3691 318 3743 La
332 3691 452 3745 semaiae
465 3690 562 3745 sainte.
572 3720 608 3732 -
617 3690 751 3747 Barlleur.
761 3721 798 3732 -
806 3690 956 3745 Carentan.
966 3717 1002 3729 -
1014 3688 1050 3741 Le
1062 3683 1167 3739 samedi
1181 3685 1255 3738 saint

190 3786 206 3836 8
221 3781 299 3834 avril.

227 3873 269 3935 (2)
289 3870 339 3922 Les
352 3867 462 3935 collres,
477 3868 515 3923 les
529 3868 629 3922 bahuts
643 3867 691 3923 des
702 3869 843 3923 habitante
856 3865 891 3919 de
903 3865 928 3918 la
941 3880 1101 3936 campagne.

225 3961 264 4029 (3)
283 3958 360 4011 Nous
373 3974 489 4027 croyons
503 3956 571 4030 qu'il
585 3956 664 4029 s'agit
678 3957 712 4011 ici
728 3956 763 4011 de
775 3975 820 4011 ces
832 3953 950 4029 grandes
962 3950 1106 4007 corbeilles
1118 3947 1257 4022 cylindri·

190 4065 257 4120 ques
274 4046 358 4119 qu'on
378 4045 453 4116 place
472 4044 520 4098 des
537 4045 609 4099 deux
626 4045 702 4099 cotes
719 4045 784 4099 d’un
804 4043 914 4109 cheral,
929 4053 956 4096 et
974 4040 1058 4114 qu’on
1079 4037 1188 4111 appelle
1210 4036 1258 4090 des

192 4135 383 4206 nrannequins.
