2888 4934
109 421 220 498 [4100]
480 416 595 477 ttnssn
617 414 801 476 DEClMUS.
1131 421 1169 479 77

109 552 206 625 tibus
223 551 411 650 copiosum
431 573 558 647 agmen
577 548 739 620 celeriter
754 546 951 643 congessit,
968 546 1171 619 Laodiciam

109 667 265 758 obsedit,
284 664 430 737 viriliter
448 666 675 765 expugnavit,
696 679 838 762 captam
855 688 904 733 xn
922 663 1025 734 annis
1043 665 1169 751 tenuit,

109 799 146 856 et
180 781 443 856 successoribus
474 783 547 854 suis
577 806 691 883 usqne
723 804 820 850 nunc
850 778 995 849 dimisit.
1027 783 1173 850 Tarsum

109 923 258 998 quoque
275 912 311 970 et
326 901 563 986 Mamistram‚
584 895 747 968 Albanam
765 909 800 966 et
819 897 994 982 Menam,
1018 893 1173 991 aliasque

110 1016 353 1103 munitiones,
382 1017 417 1085 in
441 1038 594 1113 quarum
620 1012 740 1085 medio
761 1010 904 1083 lteblata
927 1012 1108 1097 consistit,
1129 1011 1174 1083 ad

109 1129 256 1203 landem
282 1130 348 1201 Dei
376 1144 411 1200 et
436 1128 634 1200 subsidium
662 1127 963 1217 Christianomm,
992 1127 1176 1223 insigniter

110 1244 178 1318 sibi
202 1243 415 1342 subjugavit.
442 1248 584 1315 Graecos
606 1258 643 1316 et
661 1245 847 1315 Armenios
866 1256 972 1340 atque
989 1244 1114 1338 Syros,
1138 1243 1176 1314 in

112 1362 339 1433 monasteriis
361 1360 617 1432 monachatum
634 1385 700 1459 pro
716 1360 785 1430 ritu
805 1384 871 1431 suo
889 1376 1087 1449 servantes,
1107 1359 1176 1431 ho·

111 1478 277 1566 nor-avit,
310 1490 346 1547 et
377 1477 617 1575 possessiones
648 1475 736 1547 olim
762 1475 901 1547 habitas
931 1474 1083 1546 fideliter
1110 1474 1177 1547 illis

111 1587 301 1659 concessit.
324 1589 456 1675 Porro,
482 1585 645 1683 quaedam
664 1587 892 1675 monasteria,
916 1609 995 1682 quae
1017 1585 1178 1657 crudeles

110 1702 216 1773 Turci
230 1701 481 1800 spoliaverant,
500 1715 537 1773 et
547 1699 631 1771 inde
649 1699 831 1797 religiosos
846 1698 1065 1771 habitatores
1084 1700 1179 1796 suga·

112 1830 257 1906 verant,
283 1831 448 1909 strenuus
471 1815 577 1888 heros
595 1816 728 1887 Latinis
750 1815 936 1886 monachis
958 1839 1019 1886 seu
1042 1815 1179 1888 clericis

113 1931 317 2028 assignavit,
332 1946 368 2002 et
380 1929 516 2029 amplas
530 1930 772 2027 possessiones
786 1929 975 2001 liberaliter
989 1929 1175 2027 delegavit,

114 2057 153 2112 nt
176 2040 348 2112 omnibus
365 2040 472 2113 bonis
489 2043 526 2113 in
539 2043 606 2114 Dei
617 2040 714 2113 cnltu
736 2040 981 2130 abundarent,
1005 2056 1040 2113 et
1051 2066 1178 2113 secun-

113 2155 203 2228 dum
223 2157 417 2228 lntinitatis
436 2182 541 2228 usum
557 2156 686 2229 divinae
708 2156 881 2254 majestati
897 2158 1079 2230 servitium
1098 2182 1179 2257 per-

113 2271 326 2367 solverent(
352 2272 377 2367 )

164 2385 1177 2486 AnnoablncarnationeDominis1⁰c⁰,praefaticonsules,

67 2519 78 2535 ·
114 2501 161 2574 ab
181 2508 352 2600 Augusto,
371 2517 411 2574 ut
428 2503 563 2575 dictum
580 2518 648 2593 est,
670 2503 831 2602 pluribus
845 2503 977 2575 exeniis
994 2503 1177 2595 honorati,

114 2642 197 2689 cum
219 2619 292 2688 suis
317 2634 557 2708 recesserunt,
585 2634 621 2690 et
641 2643 661 2689 a
680 2620 895 2690 Normannis
918 2619 954 2690 in
976 2619 1098 2707 Italia,
1119 2620 1181 2716 qni

115 2733 255 2830 magnis
272 2731 406 2804 ibidem
423 2733 552 2830 opibus
565 2732 763 2832 pollebant,
778 2732 1010 2806 amicabiliter
1027 2736 1181 2832 suscepti

115 2862 213 2919 sunt.
241 2849 412 2945 Rogerius
437 2850 534 2920 enim
555 2852 687 2939 Senex,
716 2850 840 2922 Siciliae
867 2874 1008 2936 comes,
1034 2849 1181 2946 ejusque

117 2986 233 3060 nepos
244 2965 426 3060 llogerins,
440 2964 573 3062 Apuliae
587 2965 673 3055 dux,
689 2980 797 3062 atque
811 2963 1019 3035 Goislredus
1031 2965 1076 3036 de
1086 2968 1182 3036 Con-

152 3191 193 3262 (4)
212 3190 253 3247 Ge
270 3194 443 3265 paragraphe
456 3203 498 3247 est
513 3194 586 3247 aussi
603 3193 743 3247 contraire
761 3196 776 3246 ὲ
795 3190 820 3246 la
834 3192 921 3247 verite
934 3209 989 3266 que
1009 3201 1071 3247 tout
1085 3209 1116 3247 ce
1127 3209 1183 3265 que

117 3297 190 3335 nous
208 3299 292 3336 avons
306 3281 369 3353 dejlt
387 3301 421 3336 vu
440 3281 580 3338 ci·dessns
592 3293 762 3337 concernunt
773 3282 923 3350 Laodices,
941 3282 961 3336 il
977 3291 1021 3336 est
1032 3280 1182 3354 complete·

117 3378 197 3424 ment
209 3369 273 3424 laus
286 3388 341 3444 qne
355 3370 518 3426 Robemond
531 3389 561 3426 se
574 3372 628 3426 soit
636 3371 736 3443 jamnis
748 3373 861 3445 empare'
871 3370 907 3426 de
916 3379 988 3426 cette
1000 3370 1073 3427 ville.
1083 3371 1184 3428 Maitre

118 3457 290 3513 d’Antiocbe
304 3461 384 3532 apres
396 3458 422 3514 le
434 3458 595 3533 dependes
607 3459 718 3514 Croises
732 3476 768 3514 en
779 3463 859 3528 4008,
873 3460 893 3515 il
905 3460 949 3515 snt
963 3459 1013 3514 tait
1026 3460 1184 3533 prisonnier

119 3564 171 3619 par
184 3564 224 3600 un
240 3557 348 3621 satrape
360 3548 438 3603 Ture
450 3565 486 3602 en
502 3551 586 3615 4400,
602 3558 632 3603 et
647 3566 683 3604 ne
698 3566 832 3605 reconvra
847 3568 875 3604 sa
888 3549 989 3604 liberte
1006 3548 1089 3623 qu'en
1102 3551 1182 3605 ttot.

120 3635 212 3708 Apres
224 3636 301 3690 avoir
316 3634 405 3690 confie
417 3653 445 3690 sa
462 3637 638 3710 principante
649 3654 703 3692 anx
714 3638 788 3692 solus
801 3637 837 3693 de
854 3655 904 3690 son
917 3636 1014 3690 cousin
1025 3636 1184 3701 Tancrede,

120 3720 139 3776 il
160 3724 253 3779 rerint
271 3723 510 3780 immediatement
523 3743 559 3779 en
576 3724 715 3781 Occident
729 3737 758 3782 et
780 3745 798 3798 y
817 3735 932 3780 mourut
947 3744 982 3779 au
1002 3726 1071 3778 mois
1088 3724 1123 3778 de
1144 3725 1184 3780 se·

121 3813 195 3865 vrier
215 3815 296 3880 llll,
314 3830 350 3866 an
369 3823 495 3869 moment
512 3815 550 3868 orl
572 3812 593 3867 il
612 3813 690 3877 allu't
708 3816 829 3889 repertis
848 3833 920 3888 pour
940 3814 966 3870 la
974 3815 1183 3870 Terre-sainte.

121 3900 160 3955 la
173 3899 236 3972 plns
250 3900 355 3974 grande
369 3902 460 3974 partie
471 3902 521 3957 des
532 3902 595 3957 faits
609 3902 861 3959 d’administration
880 3922 917 3959 ou
934 3904 970 3959 de
982 3903 1119 3977 conquete
1131 3922 1186 3977 qne

121 3997 206 4042 notre
218 3999 318 4044 antenr
331 3987 370 4044 lui
385 3989 521 4057 attribue,
535 3989 597 4045 doit
614 3990 687 4046 donc
699 3992 759 4047 etre
777 3995 906 4066 reportes
920 4011 969 4048 sur
980 3991 1006 4047 le
1024 4001 1135 4063 compte
1151 3991 1186 4047 de

121 4092 174 4130 son
193 4077 300 4133 cousin.
318 4075 366 4133 On
382 4088 510 4132 trouvera
526 4077 594 4132 dans
606 4078 632 4133 le
647 4078 757 4133 volume
771 4079 931 4151 precedent,
942 4080 961 4135 l.
979 4100 1022 4149 nr,
1042 4080 1090 4135 des
1108 4090 1187 4135 notes

122 4180 172 4218 sur
184 4173 277 4220 tontes
289 4164 329 4221 les
341 4165 420 4221 villes
431 4167 480 4239 qui
495 4177 558 4222 sont
570 4166 653 4222 citeet
665 4168 712 4223 ici.
