2888 4934
109 397 250 475 ture]
469 389 873 453 nnrnnoonncrnns.
1137 395 1195 457 321

117 525 274 624 aliique
290 523 412 624 cupidi
427 524 614 624 predones
630 524 680 597 illi
696 524 937 616 adherebant,
956 527 1018 624 qui
1034 525 1200 601 crudelis·

120 644 272 716 simam
291 642 329 714 in
350 640 460 714 Talon
477 655 513 714 et
529 640 703 714 Caletensi
720 667 813 742 pago
831 666 993 741 guerram
1011 643 1197 718 faciebant.

119 755 363 830 lliemnlibus
389 757 523 856 quippe
550 756 715 829 noctibus
742 756 847 853 longe
873 756 1134 847 discurrebant,
1166 775 1201 833 et

125 872 274 946 milites
300 887 407 971 atque
436 895 607 972 pagenses
636 897 720 944 enm
746 872 916 944 uxoribus
945 889 980 946 et
1007 873 1202 951 insentibus

127 990 254 1064 etiem
272 988 310 1060 in
331 985 520 1060 cunabulis
538 986 741 1085 rapiebant,
767 1001 802 1060 et
823 986 869 1060 ab
892 989 942 1062 eis
962 990 1144 1085 ingentem
1163 989 1202 1062 in

132 1310 193 1365 par
209 1290 315 1347 l’ordre
329 1288 367 1346 dn
382 1290 545 1348 comte-dne
554 1289 681 1346 Geoffroi
692 1290 887 1365 Plantagenet,
905 1291 926 1347 il
940 1292 973 1347 lit
984 1311 1013 1349 oa
1024 1293 1087 1368 pair
1098 1311 1133 1348 en
1142 1293 1204 1366 jua-

134 1381 200 1436 tioe
212 1403 219 1435 :
234 1399 329 1437 coram
337 1379 476 1454 judicibus
486 1387 514 1435 et
524 1379 645 1435 baillivis
656 1388 683 1434 et
693 1377 834 1453 dapifero,
847 1396 967 1437 assensu
975 1401 1131 1455 procerum,
1141 1398 1206 1437 avec

134 1466 180 1524 len
193 1468 305 1524 moines
317 1466 352 1524 de
367 1467 560 1525 saint-Pleno
573 1465 608 1523 de
620 1467 739 1537 Frena,
752 1468 802 1543 qni
815 1468 922 1525 avaient
936 1487 972 1525 en
989 1469 1133 1544 beaucoup
1145 1472 1162 1526 l
1177 1487 1206 1526 se

136 1557 275 1632 plaintlre
285 1558 322 1614 (le
332 1576 374 1614 tes
385 1556 532 1614 violenoee.
549 1557 677 1616 chartul.
693 1557 824 1622 Pratell,
838 1557 888 1614 fol.
901 1563 935 1616 48
947 1569 985 1614 r⁰.

176 1646 221 1703 Ce
234 1663 408 1722 penonnage
423 1646 512 1721 paralt
527 1647 603 1701 avoir
620 1647 665 1701 ete
680 1645 724 1701 filo
739 1645 775 1702 de
790 1647 929 1703 Gillebert
945 1664 983 1701 on
999 1645 1159 1703 Guillebert
1171 1646 1208 1704 de

138 1735 298 1806 Vaecoeuil,
309 1734 471 1791 donatenrl
483 1733 674 1791 saint-Piene
683 1733 719 1789 (le
728 1733 837 1790 Preanx
847 1734 886 1789 (lu
897 1743 1049 1807 patronage
1058 1732 1093 1790 de
1103 1732 1208 1808 l’egliee

138 1823 179 1880 (le
191 1823 350 1892 Vaeooeoil,
363 1842 437 1897 pour
449 1822 567 1898 laquelle
579 1822 600 1878 il
614 1831 694 1895 reeut
708 1822 744 1878 de
756 1821 847 1877 l'abbe'
858 1821 983 1878 Geoffroi
997 1840 1052 1878 one
1067 1841 1136 1879 once
1147 1822 1209 1879 ‹l’or

139 1923 172 1970 et
180 1912 232 1968 (lix
241 1912 324 1968 lieret
333 1912 381 1968 dix
391 1930 455 1968 sous
464 1911 500 1967 de
509 1911 629 1981 deniers,
640 1922 669 1967 et
677 1911 735 1965 l’un
747 1911 795 1967 dee
806 1913 1009 1985 souocriptenrs
1020 1911 1056 1967 de
1067 1911 1093 1967 la
1104 1910 1209 1986 grande

140 2001 243 2057 charte
256 1999 292 2056 de
305 1999 440 2056 Beaubeo.
458 1999 598 2056 Gillebert
609 2000 681 2054 avait
696 2018 769 2074 pour
780 1999 882 2056 fernme
894 1998 1023 2056 Adelida.
1037 1999 1063 2055 Il
1075 2000 1145 2056 enit
1155 1998 1211 2056 lui·

141 2091 239 2147 meme
249 2088 292 2144 fils
302 2088 338 2145 (le
349 2088 495 2145 Normand
506 2089 542 2145 de
552 2087 705 2150 Vaecoenil.
715 2088 824 2145 Robert
834 2088 870 2144 de
881 2087 963 2145 Cailli
976 2088 1044 2144 etait
1052 2106 1102 2144 eon
1111 2088 1211 2145 echan·

142 2196 208 2235 ron.
221 2178 333 2252 voret,
353 2196 402 2234 rur
415 2187 479 2235 tone
491 2195 535 2234 cer
548 2195 751 2253 personnagee,
764 2177 791 2234 le
804 2177 952 2234 cartulaire
968 2177 1004 2234 de
1018 2178 1210 2237 saint-Piera

142 2267 181 2324 ‹le
198 2267 321 2324 Prema.

180 2355 342 2411 Anae-une
355 2365 384 2409 et
394 2353 537 2411 Girlebert
549 2353 585 2410 de
597 2354 689 2412 Cresei
702 2354 940 2429 n’appartenaient
954 2355 1035 2429 point
1046 2374 1081 2412 au
1096 2374 1163 2432 pays
1175 2356 1212 2414 de

144 2445 222 2514 Brai,
235 2443 305 2498 maia
315 2441 381 2498 bien
393 2445 409 2497 l
419 2442 446 2498 la
457 2443 571 2516 portion
583 2441 765 2498 meridionale
777 2441 816 2497 (ln
830 2443 930 2502 Talon.
944 2443 1081 2501 C‘etaient
1091 2444 1140 2502 dee
1148 2462 1210 2501 vat-

145 2550 215 2590 nnx
231 2531 282 2588 <lea
302 2541 407 2588 comtes
422 2530 457 2587 de
471 2531 614 2590 Varenne.
633 2531 862 2603 Nouetronvonr
874 2530 944 2588 (lane
957 2532 997 2589 lee
1012 2532 1121 2589 chartea
1136 2533 1212 2588 Nor-

144 2619 264 2677 mandee
280 2630 309 2676 et
320 2619 466 2694 Anglaiter
484 2618 624 2693 plusieurs
638 2637 825 2695 personnagee
842 2619 878 2675 de
898 2629 972 2676 cette
989 2619 1110 2689 lamine,
1132 2630 1213 2677 entre

146 2719 243 2765 autre·
254 2707 357 2781 llngne
374 2706 410 2763 de
426 2707 533 2776 cressi,
551 2725 617 2763 sons
632 2708 722 2764 Henri
736 2707 775 2777 11,
788 2717 817 2762 et
830 2706 925 2780 Roger
937 2705 973 2762 de
985 2707 1089 2763 Creiesi
1102 2707 1164 2781 (sic)
1176 2725 1213 2764 en

146 2795 337 2862 Nommdie,
356 2805 385 2851 et
399 2798 440 2852 leo
455 2794 560 2851 memes
573 2812 760 2869 personnages
773 2812 811 2849 ou
825 2793 900 2850 leurs
911 2794 1095 2867 homonymes
1111 2795 1214 2851 barone

149 2887 192 2961 ly
204 2896 302 2942 teum
312 2904 349 2942 en
360 2883 534 2958 Angleterre.
547 2885 618 2939 llais
628 2884 655 2940 le
664 2884 759 2958 Roget
769 2884 804 2940 de
818 2884 910 2941 Creoei
922 2883 1067 2939 Normand
1078 2893 1121 2941 est
1131 2883 1215 2940 bean-

146 2994 223 3050 oonp
234 2974 298 3050 plne
308 2976 408 3030 ancien
419 2991 475 3048 que
486 2973 558 3028 oelni
571 2972 776 3049 d'Angleterre.
790 2972 916 3048 Ilparalt
926 2983 1055 3028 constant
1065 2972 1134 3047 qu’il
1145 2973 1213 3030 etait

147 3062 361 3138 contemporain
376 3061 413 3118 de
427 3060 590 3119 Gnillaume
605 3061 634 3117 11
648 3061 684 3117 de
697 3062 844 3131 Vaterno,
857 3071 949 3117 comte
960 3060 996 3118 de
1008 3061 1121 3134 sancey,
1136 3071 1213 3119 mort

147 3169 185 3208 en
193 3154 275 3210 tttt.
285 3151 326 3208 Ce
335 3149 428 3206 ‹levait
435 3149 509 3205 donc
517 3150 577 3207 etre
587 3168 626 3204 un
635 3149 688 3219 fin,
701 3168 741 3206 un
750 3167 838 3206 neven
848 3167 885 3204 ou
893 3167 933 3205 un
941 3150 1015 3206 fiere
1025 3149 1213 3206 d’nnoeaune

148 3250 177 3297 et
190 3239 227 3297 (le
242 3238 396 3296 Gielebert.
409 3238 485 3296 C’eot
497 3256 529 3294 oe
544 3238 594 3312 qui
611 3238 715 3295 resutte
729 3237 806 3294 dela
823 3237 920 3295 charte
934 3237 1108 3310 d'llamelin,
1121 3248 1213 3296 comte

148 3328 185 3385 de
196 3329 349 3398 varennes
364 3328 558 3385 mentionnant
567 3326 610 3385 leo
623 3327 772 3384 donatione
785 3326 864 3383 dece
876 3331 1076 3403 perronnagel
1089 3326 1213 3400 l’abbaye

150 3417 187 3474 de
207 3416 406 3475 Saint-Victor
426 3435 462 3472 en
482 3416 569 3472 Caux.
595 3416 689 3490 Voyez
710 3415 846 3472 Memoire
868 3434 915 3471 sur
933 3416 1062 3491 l’origine
1083 3415 1119 3473 de
1140 3426 1213 3473 oette

149 3505 270 3581 abbaye,
288 3507 372 3576 tm,
390 3526 417 3580 p·
436 3507 471 3566 ll
488 3516 518 3562 et
535 3507 581 3564 27.
597 3504 646 3563 On
663 3523 682 3578 y
698 3515 846 3561 rencontre
865 3522 966 3560 enoore
984 3504 1057 3562 deux
1073 3502 1213 3563 membres

148 3596 186 3653 de
197 3597 271 3675 οφ
282 3595 387 3652 lamille
402 3619 408 3650 ε
423 3594 514 3652 Raoul
527 3595 563 3652 de
579 3596 704 3651 Cressero
717 3605 746 3651 et
758 3611 808 3650 eon
821 3594 896 3650 frene
907 3594 1025 3668 lingue,
1040 3605 1116 3650 mort
1128 3603 1212 3651 avant

148 3683 201 3740 lui.
218 3683 347 3741 C’etaitl
360 3683 455 3759 Roger
466 3701 523 3758 que
534 3682 657 3756 l’abbaye
672 3680 776 3752 deruit,
792 3691 872 3738 entre
883 3691 977 3738 autre·
989 3681 1156 3752 liberalites‚
1173 3680 1216 3738 le·

148 3782 317 3847 patronageo
336 3773 373 3829 (le
391 3774 585 3844 Qnevrernont
603 3782 632 3828 et
651 3771 687 3828 de
711 3769 899 3829 Saint-Ouen
914 3789 963 3827 sur
982 3770 1211 3827 Bellenoombnez

150 3862 275 3918 Sanctus
285 3861 441 3918 audoenus
450 3860 487 3917 de
499 3861 598 3935 Sylva,
615 3860 736 3917 Sanetus
750 3859 906 3917 Audoenus
917 3860 953 3916 de
962 3861 1065 3918 Bosco.
1075 3862 1129 3918 Cea
1139 3859 1212 3915 dena

149 3949 250 4025 e'gtim
266 3951 371 4007 etaient
387 3949 511 4007 donneee
523 3958 605 4005 avant
617 3950 696 4005 ⁴⁴³7.
713 3948 816 4022 lingue
832 3947 867 4004 de
885 3949 992 4018 Cressi,
1012 3948 1156 4004 deuxieme
1173 3945 1213 4002 du

149 4055 233 4108 nom,
246 4039 315 4094 etait
327 4057 503 4113 gouverneur
514 4038 550 4094 de
564 4037 590 4093 la
602 4038 681 4094 Τοῦτ
693 4036 729 4093 (le
740 4035 840 4093 Ronen
850 4055 886 4093 en
899 4041 979 4104 4480,
989 4046 1017 4092 et
1026 4035 1115 4110 figure
1125 4036 1142 4091 l
1151 4032 1215 4108 plu·

152 4126 242 4182 sienro
254 4128 374 4201 reprieeo
387 4126 456 4184 dans
468 4126 509 4184 let
522 4127 627 4202 Magni
638 4127 735 4183 llotulr'
745 4127 888 4184 scaccarii
897 4126 1093 4183 Nomaanm'oe.

223 4243 272 4289 ιν.
1039 4216 1080 4288 24
