2888 4934
200 404 241 461 50
477 392 657 453 utstotttr
681 393 988 456 nccusssttsttca.
1152 400 1260 476 [tous]

200 527 373 602 coenobiis
384 529 596 596 Sanctorum
611 526 722 598 exitus
732 552 852 599 rerum
865 527 1085 624 expectabat.
1100 527 1260 628 Andegu·

198 668 324 716 venses
341 655 556 713 autemeam
572 642 812 733 Cenomaunis
829 641 1004 714 consiliati
1019 657 1114 733 sunt,
1129 657 1166 715 et
1181 669 1258 717 sese

199 757 413 831 Normannis
429 757 465 827 in
484 755 650 827 omnibus
666 756 853 829 inlerio'res
873 772 1139 855 compererunt;
1160 757 1258 833 unde

198 856 418 970 colloquium
435 871 525 942 inter
550 895 669 968 regem
692 889 727 943 et
747 871 934 945 consulem
958 888 1253 970 procuraverunt.

197 987 250 1059 lbi
275 1002 378 1074 tunc,
407 984 595 1058 auxiliante
620 991 717 1075 Deo,
745 988 941 1060 necessaria
973 1011 1040 1085 pax
1072 988 1166 1061 inter
1194 1012 1256 1062 cos

195 1105 286 1178 lacta
309 1119 380 1193 est,
410 1118 445 1174 et
469 1103 553 1175 inde
578 1104 696 1175 multis
721 1129 789 1202 pro
811 1104 972 1204 pluribus
989 1106 1103 1178 causis
1126 1106 1254 1179 utrius·

195 1245 265 1317 que
289 1218 412 1319 populi
428 1219 595 1316 gaudium
619 1221 742 1317 ingens
763 1235 928 1292 exortum
945 1237 1008 1292 est.
1036 1222 1255 1320 Requisitum

194 1349 247 1406 est
273 1348 309 1407 et
335 1358 545 1406 concessum
574 1348 613 1406 ut
639 1334 757 1407 Helias
787 1359 928 1425 comes,
967 1351 1002 1408 et
1034 1360 1160 1408 omnes
1193 1336 1254 1434 qui

194 1450 288 1546 capti
312 1448 452 1521 fuerant
474 1473 516 1519 ex
538 1463 688 1546 utraque
708 1464 827 1547 parte,
846 1449 1095 1540 redderentur,
1124 1465 1159 1522 et
1188 1452 1253 1523 Ce-

194 1564 405 1653 nomannis,
425 1578 460 1635 et
483 1564 605 1635 omnia
629 1579 744 1636 castra
769 1590 849 1661 quae
878 1564 1089 1636 Guillebnus
1110 1590 1174 1636 rex
1194 1564 1255 1637 hu·

193 1679 339 1768 buerat,
370 1680 478 1767 Rufo,
506 1678 580 1750 fitio
603 1680 698 1775 ejus,
723 1679 1008 1778 subjugarentur.
1036 1680 1253 1752 Consentio·

192 1796 299 1870 nibus
322 1798 443 1894 itaque
471 1798 568 1895 pacis
593 1796 762 1870 decenter
787 1797 1028 1887 confirmatis,
1056 1823 1117 1869 rex
1145 1796 1255 1893 magi·

191 1926 306 1984 strum
330 1913 484 1985 militurn
513 1911 734 1986 Rodbertum
759 1914 834 2011 (l),
860 1914 1020 2011 Hugonis
1041 1913 1087 1986 de
1112 1916 1253 1985 lllonte·

191 2023 273 2096 lorti
300 2023 431 2113 filiurn,
459 2026 639 2116 accersiit,
667 2040 702 2098 et
727 2028 764 2097 in
796 2028 922 2099 turrim
949 2025 1255 2099 Cenomannicam

191 2140 347 2237 aliasque
377 2141 594 2213 munitiones
618 2142 811 2215 ascendere
838 2145 1029 2241 praecepit,
1059 2142 1164 2240 eique
1188 2164 1253 2213 nce

192 2257 320 2330 milites
337 2257 486 2345 electos,
505 2257 624 2330 loricis
640 2273 676 2330 et
691 2258 798 2356 galeis
815 2273 850 2330 et
868 2259 969 2329 omni
987 2269 1168 2329 armatura
1182 2253 1252 2327 fnl-

192 2386 331 2467 gentes,
352 2373 550 2444 associavit.
578 2375 745 2445 Protinus
764 2372 834 2462 illi,
858 2371 1069 2444 custodibus
1090 2370 1251 2468 egressis,

191 2503 336 2561 cunctas
361 2487 459 2560 urbis
474 2489 692 2562 munitiones
708 2491 803 2561 nacti
824 2503 925 2576 sunt,
950 2505 987 2561 ct
1004 2488 1041 2560 in
1067 2483 1254 2585 principali

190 2620 287 2677 turre
302 2603 470 2677 vexillum
488 2605 578 2701 regis
599 2628 683 2675 cum
701 2605 835 2702 ingenti
853 2603 1014 2701 tropbaeo
1030 2601 1250 2674 levaverunt.

189 2727 229 2794 ln
245 2723 440 2794 crastinum
454 2745 516 2792 rex
534 2735 616 2818 post
633 2720 714 2792 illos
732 2720 830 2792 mille
850 2719 1037 2817 praeclaros
1053 2716 1181 2788 milites
1197 2714 1252 2787 di·

188 2840 291 2928 rexit,
310 2853 360 2927 et,
380 2862 449 2937 pro
466 2836 569 2908 libitu
585 2860 652 2908 suo
668 2835 759 2907 datis
777 2835 926 2932 legibus,
945 2849 1058 2906 toturn
1072 2833 1253 2905 civitatem

189 2954 358 3049 possedit.
381 2954 486 3051 llegia
507 2953 613 3025 turris
635 2967 671 3023 et
690 2950 983 3023 Mons-Barbatus
1007 2963 1113 3044 atque
1133 2951 1253 3019 lions·

191 3066 398 3139 Barbatulus
414 3070 469 3164 (2)
483 3069 558 3164 regi
573 3067 823 3163 subjiciuntur,
842 3082 877 3137 et
895 3065 1034 3150 merito,
1053 3065 1137 3160 quia
1153 3088 1174 3134 a
1188 3087 1252 3160 pa-

190 3197 243 3255 tre
265 3183 341 3279 ejus
358 3183 503 3255 condita
529 3197 739 3255 noscuntur.
766 3185 899 3252 Omnes
926 3204 1071 3277 quoque
1092 3179 1187 3250 cives
1214 3178 1251 3249 in

189 3322 276 3396 pace
288 3321 384 3368 novo
398 3298 548 3395 principi
558 3297 851 3394 congratulantur
862 3295 1056 3393 plausibus,
1073 3292 1250 3379 cantibus,

188 3414 363 3509 variisque
380 3409 548 3508 gestibus.

223 3694 262 3765 (l)
277 3692 382 3747 llobert
394 3691 429 3744 dc
444 3690 743 3759 Mortuost-sur-tttste,
757 3693 829 3745 frere
842 3691 927 3764 pulnd
938 3682 974 3745 de
983 3692 1096 3762 Hugne,
1111 3686 1252 3743 troisitme

188 3784 355 3941 ἀῗὲοῗῖιιιο
372 3879 444 3923 resto
463 3867 525 3941 plus
543 3886 652 3922 aucune
672 3877 747 3922 traco
765 3868 801 3922 de
821 3885 866 3922 ces
883 3867 1007 3921 diverses
1025 3867 1195 3922 forteresses.
1216 3865 1252 3919 la

187 3957 341 4032 principale
353 3958 422 4011 tuit
435 3958 524 4011 situc'e
538 3956 605 4010 dans
620 3955 645 4010 le
665 3957 807 4030 vcislnage
822 3967 850 4010 ct
863 3959 877 4010 a
890 3956 946 4011 l'O.
963 3956 998 4010 tt.
1015 3954 1052 4009 0.
1069 3953 1105 4007 de
1119 3953 1144 4006 la
1156 3952 1251 4007 cathe-

187 4045 281 4108 datm
302 4044 326 4099 la
349 4044 482 4111 seconde,
501 4047 630 4099 nominee
651 4063 685 4097 en
711 4045 829 4116 franpais
848 4044 870 4097 la
895 4042 1111 4108 Morte-Barba,
1134 4040 1204 4095 dans
1226 4039 1251 4093 le

185 4136 423 4201 ...Antiquarum
441 4133 510 4187 mais
525 4150 559 4186 en
573 4133 655 4205 (loca,
671 4136 686 4185 ἐι
701 4132 757 4187 ΙὈ.
771 4133 799 4187 S.
817 4133 853 4186 Ο.
