2888 4934
110 445 324 522 noer-1200]
484 438 602 500 unm
622 438 810 500 uncinus.
1134 449 1172 508 13

112 572 406 648 rumeruditione
414 570 637 669 dogmatum,
647 570 891 644 liberaliumve
898 573 1024 669 peritia
1040 573 1173 647 littera·

111 716 216 779 rum3
237 688 300 762 sed
313 686 490 761 nobilium
498 712 566 786 pro
583 689 693 785 gratie
709 701 920 787 parentum,
937 705 972 761 et
985 705 1173 787 potentum
1210 728 1214 735 .

112 806 236 879 lavore
250 805 461 876 amicorum.
480 802 618 891 Quibus
642 804 689 874 ita
706 804 880 900 promotis
903 803 1059 877 clemens
1079 811 1175 879 Deus

112 922 228 1022 parcit
243 945 285 993 uc
303 922 503 1008 miseretur,
519 919 882 1018 eisquepostmodum
895 944 1056 1018 supernae
1074 921 1176 994 uber·

112 1052 167 1109 tas
184 1037 303 1133 gratiae
323 1034 536 1123 infunditur,
552 1049 588 1107 et
604 1033 755 1105 ooelestis
770 1033 904 1131 sophiae
926 1059 992 1132 per
1016 1059 1078 1107 eos
1096 1035 1176 1108 luce

113 1152 181 1224 Dei
198 1151 329 1223 domur
349 1149 588 1237 illuminatur,
608 1163 643 1221 et
665 1147 809 1221 utilibus
829 1148 954 1222 studiis
971 1150 1091 1249 plures
1107 1150 1176 1223 sal·

114 1281 256 1339 vantur.

162 1388 224 1454 ΙΙΙ.
236 1382 457 1456 Venerabilis
466 1382 869 1473 Anselmus,Cantuariae
877 1381 1117 1481 archipraesul,
1125 1406 1178 1455 as·

114 1497 235 1570 siduas
252 1498 558 1597 praevaricationes
570 1497 715 1587 videns,
732 1498 937 1595 frequenter
949 1497 1179 1570 contristaba-

114 1627 193 1703 tur3
210 1614 422 1711 imitansque
439 1613 641 1686 iohannem
663 1630 699 1687 et
724 1615 885 1707 Heliam,
911 1639 953 1687 ea
968 1614 1095 1687 crebro
1120 1640 1179 1688 ca·

115 1727 369 1818 lumniabatur,
385 1754 464 1828 quoe
480 1745 606 1802 contra
622 1730 780 1801 divinam
798 1728 874 1801 fieri
892 1728 1006 1827 legem
1025 1754 1180 1802 moereus

115 1844 331 1917 intuebatur.
357 1845 539 1944 Superbus
559 1859 679 1918 autem
703 1870 786 1935 rex,
815 1845 877 1941 qui
903 1844 1093 1942 spiritualis
1119 1868 1180 1918 au·

116 1963 199 2058 rigae
220 1961 322 2033 freno
348 1960 534 2034 salubriter
560 1964 632 2060 regi
654 1961 938 2059 dedignabatur,
959 1961 1122 2059 malignis
1145 1976 1181 2036 et

115 2076 329 2177 procacibus
351 2077 560 2150 consiliariis
578 2079 614 2149 in
631 2077 847 2176 malignitate
874 2075 1118 2167 irretiebatur,
1145 2092 1181 2150 et

116 2208 243 2266 contra
256 2191 411 2265 salubria
424 2193 474 2291 pii
494 2193 681 2265 monitoris
702 2192 928 2266 hortamenta
949 2192 1178 2265 irascebatur.

119 2307 223 2379 Unde
239 2307 398 2406 prudens
413 2308 703 2407 archiepiscopus
711 2307 933 2407 temporibus
945 2308 1021 2404 ejus
1035 2307 1091 2379 bis
1101 2333 1183 2381 exu-

115 2424 201 2495 lavit
214 2423 289 2520 (l),
315 2438 350 2495 et
371 2424 470 2522 prius
489 2423 674 2495 Urbanum
703 2429 855 2523 Papam,
875 2447 917 2495 ac
948 2422 1182 2522 postmodum

151 2690 195 2758 (4)
221 2687 287 2743 Ceri
308 2699 351 2744 eet
369 2706 426 2743 une
447 2706 555 2743 erreur.
577 2688 657 2744 Saint
679 2687 812 2743 Anselme
830 2706 866 2744 ne
885 2689 976 2762 quitta
996 2686 1183 2760 l'Angleterre

113 2777 225 2851 qu'uue
235 2777 288 2831 loir
302 2775 342 2832 du
356 2778 448 2833 vivant
465 2776 501 2832 do
518 2775 835 2843 Guillaumele-Roux,
849 2775 875 2831 le
890 2779 924 2833 45
936 2776 1051 2831 octobre
1064 2777 1143 2831 4097.
1159 2774 1184 2830 ll

117 2882 134 2937 y
152 2873 250 2920 rentra
266 2865 293 2921 le
310 2868 345 2924 2³
366 2865 523 2939 septembre
537 2869 621 2932 4400,
637 2863 685 2919 dix
703 2865 839 2920 aemainee
859 2865 939 2936 apres
956 2863 983 2919 la
1003 2873 1078 2918 mort
1097 2862 1133 2919 de
1152 2881 1184 2920 ce

117 2955 228 3028 priore.
245 2953 323 3009 Nouo
337 2971 496 3029 apprenons
509 2953 545 3009 de
556 2951 648 3009 Raoul
663 2952 699 3008 de
714 2953 812 3007 Diceto
826 2952 910 3026 qu'au
923 2964 1050 3008 moment
1062 2954 1100 3007 ob
1111 2953 1185 3007 taint

117 3041 253 3099 Anrelme
268 3042 343 3099 alluit
356 3043 546 3117 t’embarquer
562 3046 577 3097 a
593 3043 718 3109 Dentre,
737 3041 894 3096 Willelmus
907 3039 943 3095 de
961 3040 1184 3113 Wamvastja-

116 3132 325 3187 mb'arisu‘mru
336 3134 421 3205 regis,
431 3135 525 3186 omnia
538 3150 600 3194 sua,
611 3148 660 3202 spe
669 3129 838 3201 recipienda
843 3131 983 3202 pecunia,
991 3138 1185 3201 perscrutatus

118 3228 178 3286 est,
189 3219 329 3295 nichilque
346 3239 441 3276 eorum
459 3237 523 3294 quoe
537 3219 684 3286 credebat,
702 3221 856 3291 reperiens,
872 3237 935 3274 eum
951 3237 1014 3273 cum
1032 3221 1091 3273 suis
1107 3217 1186 3272 abire

118 3312 246 3379 permuu
258 3309 342 3379 (Rad.
356 3309 391 3364 de
404 3309 518 3376 Diceto,
530 3308 567 3365 de
581 3309 669 3364 Arclr.
688 3308 844 3380 Cautum).

153 3399 200 3452 Au
216 3409 314 3454 retour
325 3398 361 3453 de
375 3416 425 3454 oon
438 3406 542 3470 voyage
554 3396 676 3460 d‘Italie.
693 3399 766 3454 saint
777 3397 907 3453 Anselme
920 3406 1069 3451 rencontra
1080 3398 1096 3449 a
1107 3395 1184 3467 Lyun

120 3485 145 3541 le
159 3487 251 3542 meme
267 3489 386 3559 enroye,
399 3488 503 3560 charge
515 3497 589 3542 cette
605 3485 658 3542 loir
672 3485 708 3542 de
723 3486 761 3540 lui
777 3484 914 3542 interdire
930 3485 1046 3540 l’cntree
1058 3483 1094 3539 de
1106 3483 1186 3540 l’An-

121 3574 249 3646 glcterre.
266 3575 414 3649 Proesutur
429 3576 466 3631 W
464 3575 587 3629 illelmus
597 3574 634 3629 dc
651 3574 806 3636 Wurwast,
823 3591 897 3629 unus
908 3572 944 3628 de
956 3575 1066 3628 nunciis
1080 3569 1189 3626 domini

119 3666 217 3736 (regis)
227 3663 349 3718 r'ulribuit
354 3662 563 3736 archiepiscopo
570 3682 605 3719 ue
615 3663 719 3718 rediret
727 3666 756 3718 in
765 3664 911 3736 Angliam,
921 3664 978 3716 uisi
986 3658 1187 3716 velletadius-

122 3756 204 3806 tituta
210 3752 370 3830 supradicti
375 3753 492 3810 &racilii
499 3751 579 3824 (uon)
587 3738 733 3824 respicere,
739 3750 894 3806 secuudum
901 3750 961 3822 (ric,
968 3747 997 3803 l.:
1005 3747 1069 3818 sed)
1074 3766 1188 3805 conrue-

122 3838 247 3893 tudinem
259 3842 438 3913 antiquitatis
449 3841 626 3913 (antiquitus)
636 3836 822 3895 introductam
834 3837 926 3893 modis
938 3836 1068 3891 omnibus
1078 3854 1188 3890 conser-

123 3945 197 3981 vare.
208 3926 311 3998 (thid.)
322 3926 624 3983 Guillaume·le-Roux
632 3926 725 3982 devait
733 3926 793 3981 &tre
802 3925 867 3981 bien
877 3926 941 3999 pres
950 3923 985 3979 de
993 3941 1022 3979 ea
1035 3923 1082 3991 lio,
1091 3923 1187 3998 quand

122 4012 148 4067 le
160 4015 233 4069 saint
245 4015 335 4088 prelat
348 4027 428 4090 rectit
440 4026 512 4071 cette
525 4015 655 4073 dernidre
665 4015 843 4070 summation.
855 4013 933 4069 Noua
946 4029 1132 4086 pensumque
1144 4022 1188 4066 cet

122 4106 226 4174 enroye'
244 4103 285 4157 du
302 4104 344 4158 roi
363 4114 406 4159 ert
426 4103 452 4159 lc
476 4103 566 4159 meme
582 4121 759 4179 peraouoage
781 4104 830 4177 qui
852 4102 897 4158 sot
915 4102 1014 4176 appele
1034 4103 1049 4155 ‘a
1067 4099 1188 4156 l'drdcbe

124 4190 253 4249 d’Exeter
264 4209 300 4248 en
315 4197 394 4252 4400.
408 4194 457 4250 On
471 4194 524 4249 rait
536 4208 573 4249 en
582 4190 650 4249 olet
663 4212 719 4267 que
730 4192 861 4261 celui-ei,
876 4190 1020 4249 Normarul
1035 4188 1185 4262 d’origine,
