<?xml version="1.0" encoding="UTF-8"?>
<!DOCTYPE html PUBLIC "-//W3C//DTD XHTML 1.0 Transitional//EN"
    "http://www.w3.org/TR/xhtml1/DTD/xhtml1-transitional.dtd">
<html xmlns="http://www.w3.org/1999/xhtml" xml:lang="en" lang="en">
 <head>
  <title>
</title>
<meta http-equiv="Content-Type" content="text/html;charset=utf-8" />
  <meta name='ocr-system' content='tesseract 3.04.00' />
  <meta name='ocr-capabilities' content='ocr_page ocr_carea ocr_par ocr_line ocrx_word'/>
</head>
<body>
  <div class='ocr_page' id='page_1' title='image "./ordericivitalis07deligoog/ordericivitalis07deligoog_0451.png"; bbox 0 0 3190 5064; ppageno 0'>
   <div class='ocr_carea' id='block_1_1' title="bbox 353 451 1407 546">
    <p class='ocr_par' dir='ltr' id='par_1_1' title="bbox 353 451 1407 546">
     <span class='ocr_line' id='line_1_1' title="bbox 353 451 1407 546; baseline 0.001 -21"><span class='ocrx_word' id='word_1_1' title='bbox 353 461 412 525; x_wconf 79' lang='lat' dir='ltr'><strong>tas</strong></span> <span class='ocrx_word' id='word_1_2' title='bbox 625 451 814 523; x_wconf 80' lang='lat' dir='ltr'><strong>uisrosn‘</strong></span> <span class='ocrx_word' id='word_1_3' title='bbox 829 457 1132 524; x_wconf 68' lang='lat' dir='ltr'><strong>monuissemus.</strong></span> <span class='ocrx_word' id='word_1_4' title='bbox 1299 467 1407 546; x_wconf 81' lang='lat' dir='ltr'><strong>[risa]</strong></span> 
     </span>
    </p>
   </div>
   <div class='ocr_carea' id='block_1_2' title="bbox 439 589 1294 758">
    <p class='ocr_par' dir='ltr' id='par_1_2' title="bbox 439 589 1294 758">
     <span class='ocr_line' id='line_1_2' title="bbox 439 589 1121 665; baseline 0.003 -19"><span class='ocrx_word' id='word_1_5' title='bbox 439 589 576 648; x_wconf 78' lang='lat' dir='ltr'><strong>Abstet&#39;sis</strong></span> <span class='ocrx_word' id='word_1_6' title='bbox 589 589 693 665; x_wconf 86' lang='lat' dir='ltr'><strong>culpis,</strong></span> <span class='ocrx_word' id='word_1_7' title='bbox 708 591 780 647; x_wconf 87' lang='lat' dir='ltr'><strong>bone</strong></span> <span class='ocrx_word' id='word_1_8' title='bbox 793 589 865 659; x_wconf 83' lang='lat' dir='ltr'><strong>Rex,</strong></span> <span class='ocrx_word' id='word_1_9' title='bbox 880 589 915 646; x_wconf 85' lang='lat' dir='ltr'><strong>da</strong></span> <span class='ocrx_word' id='word_1_10' title='bbox 928 590 1029 664; x_wconf 81' lang='lat' dir='ltr'><strong>gaudia</strong></span> <span class='ocrx_word' id='word_1_11' title='bbox 1039 590 1121 648; x_wconf 83' lang='lat' dir='ltr'><strong>lucis.</strong></span> 
     </span>
     <span class='ocr_line' id='line_1_3' title="bbox 439 675 1294 758; baseline -0.001 -24"><span class='ocrx_word' id='word_1_12' title='bbox 439 675 517 734; x_wconf 81' lang='lat' dir='ltr'>Pacis</span> <span class='ocrx_word' id='word_1_13' title='bbox 531 687 638 734; x_wconf 81' lang='lat' dir='ltr'><strong>amator</strong></span> <span class='ocrx_word' id='word_1_14' title='bbox 650 688 724 748; x_wconf 78' lang='lat' dir='ltr'><strong>erat;</strong></span> <span class='ocrx_word' id='word_1_15' title='bbox 738 697 819 754; x_wconf 88' lang='lat' dir='ltr'><strong>rogo,</strong></span> <span class='ocrx_word' id='word_1_16' title='bbox 834 697 910 736; x_wconf 83' lang='lat' dir='ltr'><strong>nnnc</strong></span> <span class='ocrx_word' id='word_1_17' title='bbox 922 680 952 736; x_wconf 90' lang='lat' dir='ltr'><strong>iu</strong></span> <span class='ocrx_word' id='word_1_18' title='bbox 963 699 1031 754; x_wconf 86' lang='lat' dir='ltr'><strong>pace</strong></span> <span class='ocrx_word' id='word_1_19' title='bbox 1042 681 1179 758; x_wconf 83' lang='lat' dir='ltr'><strong>quiescat!</strong></span> <span class='ocrx_word' id='word_1_20' title='bbox 1194 682 1294 738; x_wconf 80' lang='lat' dir='ltr'><strong>Amen.</strong></span> 
     </span>
    </p>
   </div>
   <div class='ocr_carea' id='block_1_3' title="bbox 332 820 1409 4251">
    <p class='ocr_par' dir='ltr' id='par_1_3' title="bbox 332 820 1405 916">
     <span class='ocr_line' id='line_1_4' title="bbox 332 820 1405 916; baseline 0.006 -28"><span class='ocrx_word' id='word_1_21' title='bbox 332 899 336 910; x_wconf 28' lang='lat'>¹</span> <span class='ocrx_word' id='word_1_22' title='bbox 400 821 554 890; x_wconf 80' lang='lat' dir='ltr'><strong>xxxin.</strong></span> <span class='ocrx_word' id='word_1_23' title='bbox 575 823 677 892; x_wconf 74' lang='lat' dir='ltr'><strong>Anno</strong></span> <span class='ocrx_word' id='word_1_24' title='bbox 697 820 744 892; x_wconf 90' lang='lat' dir='ltr'><strong>ab</strong></span> <span class='ocrx_word' id='word_1_25' title='bbox 761 823 1009 894; x_wconf 83' lang='lat' dir='ltr'><strong>incarnatione</strong></span> <span class='ocrx_word' id='word_1_26' title='bbox 1025 820 1170 894; x_wconf 86' lang='lat' dir='ltr'><strong>Domini</strong></span> <span class='ocrx_word' id='word_1_27' title='bbox 1192 829 1235 892; x_wconf 84' lang='lat' dir='ltr'><strong>ar⁰</strong></span> <span class='ocrx_word' id='word_1_28' title='bbox 1250 826 1284 894; x_wconf 85' lang='lat' dir='ltr'><strong>o⁰</strong></span> <span class='ocrx_word' id='word_1_29' title='bbox 1300 829 1405 916; x_wconf 70' lang='lat' dir='ltr'><strong>xxn&#39;,</strong></span> 
     </span>
    </p>

    <p class='ocr_par' dir='ltr' id='par_1_4' title="bbox 344 931 1409 2730">
     <span class='ocr_line' id='line_1_5' title="bbox 351 931 1408 1035; baseline 0.004 -31"><span class='ocrx_word' id='word_1_30' title='bbox 351 931 548 1005; x_wconf 83' lang='lat' dir='ltr'><strong>indictione</strong></span> <span class='ocrx_word' id='word_1_31' title='bbox 560 940 611 1025; x_wconf 78' lang='lat' dir='ltr'><strong>s&#39;,</strong></span> <span class='ocrx_word' id='word_1_32' title='bbox 624 935 754 1008; x_wconf 87' lang='lat' dir='ltr'><strong>iterum</strong></span> <span class='ocrx_word' id='word_1_33' title='bbox 766 937 993 1033; x_wconf 79' lang='lat' dir='ltr'><strong>malignitatis</strong></span> <span class='ocrx_word' id='word_1_34' title='bbox 1008 936 1133 1035; x_wconf 90' lang='lat' dir='ltr'><strong>spiritu</strong></span> <span class='ocrx_word' id='word_1_35' title='bbox 1145 935 1325 1008; x_wconf 76' lang='lat' dir='ltr'><strong>redivivus</strong></span> <span class='ocrx_word' id='word_1_36' title='bbox 1335 937 1408 1008; x_wconf 90' lang='lat' dir='ltr'><strong>bel·</strong></span> 
     </span>
     <span class='ocr_line' id='line_1_6' title="bbox 348 1047 1408 1139; baseline 0.003 -19"><span class='ocrx_word' id='word_1_37' title='bbox 348 1048 468 1120; x_wconf 92' lang='lat' dir='ltr'><strong>lorum</strong></span> <span class='ocrx_word' id='word_1_38' title='bbox 490 1047 599 1121; x_wconf 89' lang='lat' dir='ltr'><strong>turbo</strong></span> <span class='ocrx_word' id='word_1_39' title='bbox 625 1051 797 1139; x_wconf 84' lang='lat' dir='ltr'><strong>exoritur,</strong></span> <span class='ocrx_word' id='word_1_40' title='bbox 821 1065 858 1123; x_wconf 92' lang='lat' dir='ltr'><strong>et</strong></span> <span class='ocrx_word' id='word_1_41' title='bbox 876 1049 1016 1124; x_wconf 83' lang='lat' dir='ltr'><strong>vesanis</strong></span> <span class='ocrx_word' id='word_1_42' title='bbox 1038 1051 1194 1124; x_wconf 77' lang='lat' dir='ltr'><strong>cedibus</strong></span> <span class='ocrx_word' id='word_1_43' title='bbox 1215 1050 1408 1124; x_wconf 81' lang='lat' dir='ltr'><strong>bestialiter</strong></span> 
     </span>
     <span class='ocr_line' id='line_1_7' title="bbox 347 1163 1406 1260; baseline 0.006 -26"><span class='ocrx_word' id='word_1_44' title='bbox 347 1163 527 1260; x_wconf 82' lang='lat' dir='ltr'><strong>exagitatis</strong></span> <span class='ocrx_word' id='word_1_45' title='bbox 538 1163 718 1237; x_wconf 86' lang='lat' dir='ltr'><strong>humanus</strong></span> <span class='ocrx_word' id='word_1_46' title='bbox 728 1190 836 1237; x_wconf 92' lang='lat' dir='ltr'><strong>cruor</strong></span> <span class='ocrx_word' id='word_1_47' title='bbox 850 1165 1014 1240; x_wconf 88' lang='lat' dir='ltr'><strong>flebiliter</strong></span> <span class='ocrx_word' id='word_1_48' title='bbox 1026 1166 1235 1240; x_wconf 78' lang='lat' dir='ltr'><strong>effunditur.</strong></span> <span class='ocrx_word' id='word_1_49' title='bbox 1252 1168 1406 1240; x_wconf 82' lang='lat' dir='ltr'><strong>Pessima</strong></span> 
     </span>
     <span class='ocr_line' id='line_1_8' title="bbox 348 1278 1404 1380; baseline 0.007 -34"><span class='ocrx_word' id='word_1_50' title='bbox 348 1278 518 1374; x_wconf 88' lang='lat' dir='ltr'><strong>Erynnis,</strong></span> <span class='ocrx_word' id='word_1_51' title='bbox 547 1280 690 1352; x_wconf 81' lang='lat' dir='ltr'><strong>inventa</strong></span> <span class='ocrx_word' id='word_1_52' title='bbox 716 1280 784 1355; x_wconf 90' lang='lat' dir='ltr'><strong>sibi</strong></span> <span class='ocrx_word' id='word_1_53' title='bbox 805 1281 888 1355; x_wconf 87' lang='lat' dir='ltr'><strong>sede</strong></span> <span class='ocrx_word' id='word_1_54' title='bbox 907 1282 946 1352; x_wconf 90' lang='lat' dir='ltr'><strong>in</strong></span> <span class='ocrx_word' id='word_1_55' title='bbox 966 1280 1135 1354; x_wconf 86' lang='lat' dir='ltr'><strong>cordibus</strong></span> <span class='ocrx_word' id='word_1_56' title='bbox 1158 1280 1404 1380; x_wconf 88' lang='lat' dir='ltr'><strong>pestilentum,</strong></span> 
     </span>
     <span class='ocr_line' id='line_1_9' title="bbox 348 1389 1407 1494; baseline 0.007 -33"><span class='ocrx_word' id='word_1_57' title='bbox 348 1389 605 1485; x_wconf 78' lang='lat' dir='ltr'>debacchatur,</span> <span class='ocrx_word' id='word_1_58' title='bbox 630 1408 666 1466; x_wconf 92' lang='lat' dir='ltr'><strong>et</strong></span> <span class='ocrx_word' id='word_1_59' title='bbox 693 1419 815 1467; x_wconf 85' lang='lat' dir='ltr'><strong>rursus</strong></span> <span class='ocrx_word' id='word_1_60' title='bbox 837 1396 1001 1468; x_wconf 90' lang='lat' dir='ltr'><strong>homines</strong></span> <span class='ocrx_word' id='word_1_61' title='bbox 1028 1397 1065 1467; x_wconf 92' lang='lat' dir='ltr'><strong>in</strong></span> <span class='ocrx_word' id='word_1_62' title='bbox 1091 1397 1163 1485; x_wconf 88' lang='lat' dir='ltr'><strong>sui,</strong></span> <span class='ocrx_word' id='word_1_63' title='bbox 1188 1401 1407 1494; x_wconf 83' lang='lat' dir='ltr'><strong>suorumque</strong></span> 
     </span>
     <span class='ocr_line' id='line_1_10' title="bbox 346 1508 1406 1609; baseline 0.004 -30"><span class='ocrx_word' id='word_1_64' title='bbox 346 1508 541 1606; x_wconf 90' lang='lat' dir='ltr'><strong>perniciem</strong></span> <span class='ocrx_word' id='word_1_65' title='bbox 552 1511 733 1608; x_wconf 84' lang='lat' dir='ltr'><strong>insurgere</strong></span> <span class='ocrx_word' id='word_1_66' title='bbox 747 1510 901 1582; x_wconf 87' lang='lat' dir='ltr'><strong>intendit</strong></span> <span class='ocrx_word' id='word_1_67' title='bbox 910 1526 945 1582; x_wconf 90' lang='lat' dir='ltr'><strong>et</strong></span> <span class='ocrx_word' id='word_1_68' title='bbox 955 1511 1131 1582; x_wconf 87' lang='lat' dir='ltr'><strong>hortatur.</strong></span> <span class='ocrx_word' id='word_1_69' title='bbox 1150 1513 1298 1609; x_wconf 85' lang='lat' dir='ltr'><strong>inquieti</strong></span> <span class='ocrx_word' id='word_1_70' title='bbox 1311 1514 1406 1584; x_wconf 91' lang='lat' dir='ltr'><strong>enim</strong></span> 
     </span>
     <span class='ocr_line' id='line_1_11' title="bbox 346 1625 1406 1725; baseline 0.002 -29"><span class='ocrx_word' id='word_1_71' title='bbox 346 1645 451 1720; x_wconf 86' lang='lat' dir='ltr'><strong>pace,</strong></span> <span class='ocrx_word' id='word_1_72' title='bbox 479 1625 676 1724; x_wconf 84' lang='lat' dir='ltr'><strong>populique</strong></span> <span class='ocrx_word' id='word_1_73' title='bbox 703 1627 822 1724; x_wconf 91' lang='lat' dir='ltr'><strong>quiete</strong></span> <span class='ocrx_word' id='word_1_74' title='bbox 847 1625 1119 1717; x_wconf 76' lang='lat' dir='ltr'><strong>contristantur,</strong></span> <span class='ocrx_word' id='word_1_75' title='bbox 1147 1631 1182 1697; x_wconf 86' lang='lat' dir='ltr'><strong>et</strong></span> <span class='ocrx_word' id='word_1_76' title='bbox 1206 1628 1293 1725; x_wconf 88' lang='lat' dir='ltr'><strong>ipsi,</strong></span> <span class='ocrx_word' id='word_1_77' title='bbox 1320 1627 1406 1701; x_wconf 86' lang='lat' dir='ltr'><strong>dum</strong></span> 
     </span>
     <span class='ocr_line' id='line_1_12' title="bbox 345 1738 1407 1840; baseline 0.005 -32"><span class='ocrx_word' id='word_1_78' title='bbox 345 1738 498 1810; x_wconf 88' lang='lat' dir='ltr'><strong>aliorum</strong></span> <span class='ocrx_word' id='word_1_79' title='bbox 521 1739 629 1812; x_wconf 86' lang='lat' dir='ltr'><strong>fastus</strong></span> <span class='ocrx_word' id='word_1_80' title='bbox 650 1741 880 1840; x_wconf 76' lang='lat' dir='ltr'><strong>pessumdare</strong></span> <span class='ocrx_word' id='word_1_81' title='bbox 900 1756 1087 1831; x_wconf 86' lang='lat' dir='ltr'><strong>conantur,</strong></span> <span class='ocrx_word' id='word_1_82' title='bbox 1110 1741 1206 1837; x_wconf 89' lang='lat' dir='ltr'><strong>justo</strong></span> <span class='ocrx_word' id='word_1_83' title='bbox 1228 1742 1294 1812; x_wconf 91' lang='lat' dir='ltr'><strong>Dei</strong></span> <span class='ocrx_word' id='word_1_84' title='bbox 1313 1741 1407 1838; x_wconf 86' lang='lat' dir='ltr'><strong>judi·</strong></span> 
     </span>
     <span class='ocr_line' id='line_1_13' title="bbox 345 1854 1407 1956; baseline 0.004 -31"><span class='ocrx_word' id='word_1_85' title='bbox 345 1854 419 1948; x_wconf 92' lang='lat' dir='ltr'><strong>cio,</strong></span> <span class='ocrx_word' id='word_1_86' title='bbox 449 1856 522 1927; x_wconf 90' lang='lat' dir='ltr'><strong>suis</strong></span> <span class='ocrx_word' id='word_1_87' title='bbox 543 1856 754 1956; x_wconf 86' lang='lat' dir='ltr'><strong>plerumque</strong></span> <span class='ocrx_word' id='word_1_88' title='bbox 774 1857 964 1930; x_wconf 87' lang='lat' dir='ltr'><strong>missilibus</strong></span> <span class='ocrx_word' id='word_1_89' title='bbox 987 1871 1193 1929; x_wconf 80' lang='lat' dir='ltr'><strong>enecantur.</strong></span> <span class='ocrx_word' id='word_1_90' title='bbox 1212 1860 1304 1929; x_wconf 87' lang='lat' dir='ltr'><strong>Vere</strong></span> <span class='ocrx_word' id='word_1_91' title='bbox 1327 1858 1407 1928; x_wconf 82' lang='lat' dir='ltr'><strong>caeci</strong></span> 
     </span>
     <span class='ocr_line' id='line_1_14' title="bbox 344 1972 1407 2071; baseline 0 -29"><span class='ocrx_word' id='word_1_92' title='bbox 344 1983 382 2042; x_wconf 91' lang='lat' dir='ltr'><strong>et</strong></span> <span class='ocrx_word' id='word_1_93' title='bbox 397 1972 568 2046; x_wconf 83' lang='lat' dir='ltr'><strong>vecordes</strong></span> <span class='ocrx_word' id='word_1_94' title='bbox 585 1988 668 2044; x_wconf 88' lang='lat' dir='ltr'><strong>sunt</strong></span> <span class='ocrx_word' id='word_1_95' title='bbox 693 1973 754 2071; x_wconf 88' lang='lat' dir='ltr'><strong>qui</strong></span> <span class='ocrx_word' id='word_1_96' title='bbox 776 1972 871 2045; x_wconf 88' lang='lat' dir='ltr'><strong>bella</strong></span> <span class='ocrx_word' id='word_1_97' title='bbox 892 1974 929 2044; x_wconf 90' lang='lat' dir='ltr'><strong>in</strong></span> <span class='ocrx_word' id='word_1_98' title='bbox 955 1995 1042 2071; x_wconf 89' lang='lat' dir='ltr'><strong>pace</strong></span> <span class='ocrx_word' id='word_1_99' title='bbox 1066 1972 1235 2069; x_wconf 90' lang='lat' dir='ltr'><strong>cupiunt,</strong></span> <span class='ocrx_word' id='word_1_100' title='bbox 1258 1972 1322 2069; x_wconf 93' lang='lat' dir='ltr'><strong>qui</strong></span> <span class='ocrx_word' id='word_1_101' title='bbox 1342 1973 1407 2042; x_wconf 93' lang='lat' dir='ltr'><strong>mi·</strong></span> 
     </span>
     <span class='ocr_line' id='line_1_15' title="bbox 344 2085 1407 2184; baseline 0 -27"><span class='ocrx_word' id='word_1_102' title='bbox 344 2087 474 2159; x_wconf 90' lang='lat' dir='ltr'><strong>seriam</strong></span> <span class='ocrx_word' id='word_1_103' title='bbox 491 2088 529 2160; x_wconf 91' lang='lat' dir='ltr'><strong>in</strong></span> <span class='ocrx_word' id='word_1_104' title='bbox 550 2085 772 2160; x_wconf 85' lang='lat' dir='ltr'><strong>beatitudine</strong></span> <span class='ocrx_word' id='word_1_105' title='bbox 788 2101 828 2159; x_wconf 94' lang='lat' dir='ltr'><strong>ut</strong></span> <span class='ocrx_word' id='word_1_106' title='bbox 844 2088 963 2160; x_wconf 85' lang='lat' dir='ltr'><strong>sitiens</strong></span> <span class='ocrx_word' id='word_1_107' title='bbox 981 2099 1107 2184; x_wconf 92' lang='lat' dir='ltr'><strong>potum</strong></span> <span class='ocrx_word' id='word_1_108' title='bbox 1124 2087 1355 2184; x_wconf 88' lang='lat' dir='ltr'><strong>perquirunt,</strong></span> <span class='ocrx_word' id='word_1_109' title='bbox 1374 2101 1407 2157; x_wconf 88' lang='lat' dir='ltr'><strong>et</strong></span> 
     </span>
     <span class='ocr_line' id='line_1_16' title="bbox 344 2197 1407 2300; baseline 0.003 -29"><span class='ocrx_word' id='word_1_110' title='bbox 344 2197 501 2292; x_wconf 87' lang='lat' dir='ltr'><strong>bonum,</strong></span> <span class='ocrx_word' id='word_1_111' title='bbox 521 2203 683 2300; x_wconf 87' lang='lat' dir='ltr'><strong>quandiu</strong></span> <span class='ocrx_word' id='word_1_112' title='bbox 701 2203 910 2292; x_wconf 86' lang='lat' dir='ltr'><strong>habuerint,</strong></span> <span class='ocrx_word' id='word_1_113' title='bbox 933 2202 1020 2300; x_wconf 94' lang='lat' dir='ltr'><strong>quid</strong></span> <span class='ocrx_word' id='word_1_114' title='bbox 1041 2203 1087 2273; x_wconf 93' lang='lat' dir='ltr'><strong>sit</strong></span> <span class='ocrx_word' id='word_1_115' title='bbox 1106 2204 1286 2294; x_wconf 87' lang='lat' dir='ltr'><strong>nesciunt;</strong></span> <span class='ocrx_word' id='word_1_116' title='bbox 1309 2201 1407 2300; x_wconf 89' lang='lat' dir='ltr'><strong>quod</strong></span> 
     </span>
     <span class='ocr_line' id='line_1_17' title="bbox 345 2315 1408 2417; baseline 0.004 -35"><span class='ocrx_word' id='word_1_117' title='bbox 345 2336 428 2385; x_wconf 93' lang='lat' dir='ltr'><strong>cum</strong></span> <span class='ocrx_word' id='word_1_118' title='bbox 448 2317 646 2406; x_wconf 88' lang='lat' dir='ltr'><strong>amiserint,</strong></span> <span class='ocrx_word' id='word_1_119' title='bbox 669 2340 897 2417; x_wconf 88' lang='lat' dir='ltr'><strong>summopere</strong></span> <span class='ocrx_word' id='word_1_120' title='bbox 913 2317 1116 2414; x_wconf 84' lang='lat' dir='ltr'><strong>requirunt;</strong></span> <span class='ocrx_word' id='word_1_121' title='bbox 1137 2315 1218 2406; x_wconf 93' lang='lat' dir='ltr'><strong>sed,</strong></span> <span class='ocrx_word' id='word_1_122' title='bbox 1242 2315 1408 2388; x_wconf 84' lang='lat' dir='ltr'><strong>aerumnis</strong></span> 
     </span>
     <span class='ocr_line' id='line_1_18' title="bbox 344 2425 1407 2529; baseline 0.004 -32"><span class='ocrx_word' id='word_1_123' title='bbox 344 2425 478 2516; x_wconf 83' lang='lat' dir='ltr'><strong>afflicti,</strong></span> <span class='ocrx_word' id='word_1_124' title='bbox 498 2429 717 2526; x_wconf 82' lang='lat' dir='ltr'><strong>expiscantes</strong></span> <span class='ocrx_word' id='word_1_125' title='bbox 733 2432 887 2529; x_wconf 92' lang='lat' dir='ltr'><strong>reperire</strong></span> <span class='ocrx_word' id='word_1_126' title='bbox 903 2444 1098 2529; x_wconf 90' lang='lat' dir='ltr'><strong>nequeunt.</strong></span> <span class='ocrx_word' id='word_1_127' title='bbox 1120 2428 1224 2501; x_wconf 93' lang='lat' dir='ltr'><strong>Unde</strong></span> <span class='ocrx_word' id='word_1_128' title='bbox 1239 2455 1307 2529; x_wconf 94' lang='lat' dir='ltr'><strong>pro</strong></span> <span class='ocrx_word' id='word_1_129' title='bbox 1323 2431 1407 2501; x_wconf 89' lang='lat' dir='ltr'><strong>irre·</strong></span> 
     </span>
     <span class='ocr_line' id='line_1_19' title="bbox 345 2541 1409 2642; baseline -0.002 -26"><span class='ocrx_word' id='word_1_130' title='bbox 345 2541 540 2641; x_wconf 73' lang='lat' dir='ltr'><strong>superabili</strong></span> <span class='ocrx_word' id='word_1_131' title='bbox 563 2541 697 2616; x_wconf 87' lang='lat' dir='ltr'><strong>damno</strong></span> <span class='ocrx_word' id='word_1_132' title='bbox 719 2543 889 2642; x_wconf 85' lang='lat' dir='ltr'><strong>lugubres</strong></span> <span class='ocrx_word' id='word_1_133' title='bbox 912 2543 1022 2639; x_wconf 84' lang='lat' dir='ltr'><strong>fiunt,</strong></span> <span class='ocrx_word' id='word_1_134' title='bbox 1047 2559 1083 2620; x_wconf 88' lang='lat' dir='ltr'><strong>et</strong></span> <span class='ocrx_word' id='word_1_135' title='bbox 1104 2543 1409 2616; x_wconf 88' lang='lat' dir='ltr'><strong>inconsolabiliter</strong></span> 
     </span>
     <span class='ocr_line' id='line_1_20' title="bbox 346 2655 495 2730; baseline 0.013 -2"><span class='ocrx_word' id='word_1_136' title='bbox 346 2655 495 2730; x_wconf 86' lang='lat' dir='ltr'><strong>flebunt.</strong></span> 
     </span>
    </p>

    <p class='ocr_par' dir='ltr' id='par_1_5' title="bbox 344 2774 1408 3314">
     <span class='ocr_line' id='line_1_21' title="bbox 395 2774 1408 2877; baseline 0 -31"><span class='ocrx_word' id='word_1_137' title='bbox 395 2774 514 2848; x_wconf 87' lang='lat' dir='ltr'><strong>Plures</strong></span> <span class='ocrx_word' id='word_1_138' title='bbox 531 2777 662 2876; x_wconf 87' lang='lat' dir='ltr'><strong>itaque,</strong></span> <span class='ocrx_word' id='word_1_139' title='bbox 681 2791 868 2851; x_wconf 89' lang='lat' dir='ltr'><strong>cernentes</strong></span> <span class='ocrx_word' id='word_1_140' title='bbox 884 2778 984 2877; x_wconf 91' lang='lat' dir='ltr'><strong>quod</strong></span> <span class='ocrx_word' id='word_1_141' title='bbox 1002 2779 1178 2875; x_wconf 88' lang='lat' dir='ltr'><strong>legitimus</strong></span> <span class='ocrx_word' id='word_1_142' title='bbox 1195 2776 1300 2848; x_wconf 88' lang='lat' dir='ltr'><strong>heres</strong></span> <span class='ocrx_word' id='word_1_143' title='bbox 1312 2779 1408 2847; x_wconf 89' lang='lat' dir='ltr'><strong>Hen-</strong></span> 
     </span>
     <span class='ocr_line' id='line_1_22' title="bbox 345 2894 1404 2995; baseline -0.001 -30"><span class='ocrx_word' id='word_1_144' title='bbox 345 2894 409 2966; x_wconf 90' lang='lat' dir='ltr'><strong>rici</strong></span> <span class='ocrx_word' id='word_1_145' title='bbox 427 2895 518 2992; x_wconf 90' lang='lat' dir='ltr'><strong>regis</strong></span> <span class='ocrx_word' id='word_1_146' title='bbox 535 2895 762 2990; x_wconf 87' lang='lat' dir='ltr'><strong>occubuerit,</strong></span> <span class='ocrx_word' id='word_1_147' title='bbox 786 2897 912 2995; x_wconf 90' lang='lat' dir='ltr'><strong>etipse</strong></span> <span class='ocrx_word' id='word_1_148' title='bbox 929 2920 1009 2986; x_wconf 87' lang='lat' dir='ltr'><strong>rex,</strong></span> <span class='ocrx_word' id='word_1_149' title='bbox 1029 2897 1067 2968; x_wconf 92' lang='lat' dir='ltr'><strong>in</strong></span> <span class='ocrx_word' id='word_1_150' title='bbox 1084 2895 1224 2967; x_wconf 90' lang='lat' dir='ltr'><strong>senium</strong></span> <span class='ocrx_word' id='word_1_151' title='bbox 1238 2917 1404 2989; x_wconf 83' lang='lat' dir='ltr'><strong>vergens,</strong></span> 
     </span>
     <span class='ocr_line' id='line_1_23' title="bbox 344 3007 1407 3110; baseline 0.001 -31"><span class='ocrx_word' id='word_1_152' title='bbox 344 3007 502 3106; x_wconf 86' lang='lat' dir='ltr'><strong>legitima</strong></span> <span class='ocrx_word' id='word_1_153' title='bbox 511 3012 612 3110; x_wconf 86' lang='lat' dir='ltr'><strong>prole</strong></span> <span class='ocrx_word' id='word_1_154' title='bbox 619 3013 786 3106; x_wconf 85' lang='lat' dir='ltr'><strong>caruerit,</strong></span> <span class='ocrx_word' id='word_1_155' title='bbox 796 3010 1041 3104; x_wconf 90' lang='lat' dir='ltr'><strong>Guillelmum,</strong></span> <span class='ocrx_word' id='word_1_156' title='bbox 1053 3025 1222 3109; x_wconf 91' lang='lat' dir='ltr'><strong>nepotem</strong></span> <span class='ocrx_word' id='word_1_157' title='bbox 1232 3009 1321 3105; x_wconf 81' lang='lat' dir='ltr'><strong>ejus,</strong></span> <span class='ocrx_word' id='word_1_158' title='bbox 1332 3021 1407 3080; x_wconf 92' lang='lat' dir='ltr'><strong>toto</strong></span> 
     </span>
     <span class='ocr_line' id='line_1_24' title="bbox 344 3123 1408 3226; baseline -0.005 -27"><span class='ocrx_word' id='word_1_159' title='bbox 344 3149 468 3199; x_wconf 84' lang='lat' dir='ltr'><strong>amore</strong></span> <span class='ocrx_word' id='word_1_160' title='bbox 479 3128 780 3226; x_wconf 88' lang='lat' dir='ltr'><strong>complectuntur,</strong></span> <span class='ocrx_word' id='word_1_161' title='bbox 796 3127 891 3201; x_wconf 87' lang='lat' dir='ltr'><strong>etad</strong></span> <span class='ocrx_word' id='word_1_162' title='bbox 907 3129 1024 3226; x_wconf 90' lang='lat' dir='ltr'><strong>ipsum</strong></span> <span class='ocrx_word' id='word_1_163' title='bbox 1040 3123 1309 3198; x_wconf 86' lang='lat' dir='ltr'><strong>sublimandum</strong></span> <span class='ocrx_word' id='word_1_164' title='bbox 1326 3124 1408 3196; x_wconf 88' lang='lat' dir='ltr'><strong>totis</strong></span> 
     </span>
     <span class='ocr_line' id='line_1_25' title="bbox 345 3240 765 3314; baseline 0 -3"><span class='ocrx_word' id='word_1_165' title='bbox 345 3240 482 3314; x_wconf 90' lang='lat' dir='ltr'><strong>nisibus</strong></span> <span class='ocrx_word' id='word_1_166' title='bbox 497 3257 765 3314; x_wconf 90' lang='lat' dir='ltr'><strong>convertuntur.</strong></span> 
     </span>
    </p>

    <p class='ocr_par' dir='ltr' id='par_1_6' title="bbox 344 3351 1409 4251">
     <span class='ocr_line' id='line_1_26' title="bbox 394 3351 1408 3453; baseline -0.002 -29"><span class='ocrx_word' id='word_1_167' title='bbox 394 3357 472 3453; x_wconf 93' lang='lat' dir='ltr'><strong>lpse</strong></span> <span class='ocrx_word' id='word_1_168' title='bbox 486 3381 545 3428; x_wconf 86' lang='lat' dir='ltr'><strong>rex</strong></span> <span class='ocrx_word' id='word_1_169' title='bbox 558 3354 650 3430; x_wconf 87' lang='lat' dir='ltr'><strong>filios</strong></span> <span class='ocrx_word' id='word_1_170' title='bbox 662 3356 847 3448; x_wconf 76' lang='lat' dir='ltr'><strong>liodberti,</strong></span> <span class='ocrx_word' id='word_1_171' title='bbox 863 3357 1003 3429; x_wconf 87' lang='lat' dir='ltr'><strong>comitis</strong></span> <span class='ocrx_word' id='word_1_172' title='bbox 1015 3355 1184 3446; x_wconf 85' lang='lat' dir='ltr'><strong>Mellenti,</strong></span> <span class='ocrx_word' id='word_1_173' title='bbox 1199 3376 1308 3452; x_wconf 90' lang='lat' dir='ltr'><strong>quem</strong></span> <span class='ocrx_word' id='word_1_174' title='bbox 1320 3351 1408 3423; x_wconf 91' lang='lat' dir='ltr'><strong>mul·</strong></span> 
     </span>
     <span class='ocr_line' id='line_1_27' title="bbox 346 3465 1407 3570; baseline -0.001 -34"><span class='ocrx_word' id='word_1_175' title='bbox 346 3480 424 3537; x_wconf 90' lang='lat' dir='ltr'><strong>tum</strong></span> <span class='ocrx_word' id='word_1_176' title='bbox 445 3466 614 3543; x_wconf 80' lang='lat' dir='ltr'><strong>dilexerat</strong></span> <span class='ocrx_word' id='word_1_177' title='bbox 635 3487 671 3544; x_wconf 90' lang='lat' dir='ltr'><strong>et</strong></span> <span class='ocrx_word' id='word_1_178' title='bbox 695 3497 715 3543; x_wconf 87' lang='lat' dir='ltr'><strong>a</strong></span> <span class='ocrx_word' id='word_1_179' title='bbox 741 3496 814 3568; x_wconf 91' lang='lat' dir='ltr'><strong>quo</strong></span> <span class='ocrx_word' id='word_1_180' title='bbox 841 3472 978 3570; x_wconf 90' lang='lat' dir='ltr'><strong>ipsein</strong></span> <span class='ocrx_word' id='word_1_181' title='bbox 1002 3469 1203 3570; x_wconf 90' lang='lat' dir='ltr'><strong>primordio</strong></span> <span class='ocrx_word' id='word_1_182' title='bbox 1229 3466 1328 3562; x_wconf 86' lang='lat' dir='ltr'><strong>regni</strong></span> <span class='ocrx_word' id='word_1_183' title='bbox 1353 3465 1407 3536; x_wconf 93' lang='lat' dir='ltr'><strong>sui</strong></span> 
     </span>
     <span class='ocr_line' id='line_1_28' title="bbox 345 3580 1408 3683; baseline -0.003 -30"><span class='ocrx_word' id='word_1_184' title='bbox 345 3580 542 3655; x_wconf 86' lang='lat' dir='ltr'><strong>admodum</strong></span> <span class='ocrx_word' id='word_1_185' title='bbox 562 3585 703 3683; x_wconf 80' lang='lat' dir='ltr'><strong>adjuurs</strong></span> <span class='ocrx_word' id='word_1_186' title='bbox 725 3601 760 3658; x_wconf 87' lang='lat' dir='ltr'><strong>et</strong></span> <span class='ocrx_word' id='word_1_187' title='bbox 779 3585 983 3658; x_wconf 81' lang='lat' dir='ltr'><strong>consolatus</strong></span> <span class='ocrx_word' id='word_1_188' title='bbox 1004 3585 1134 3675; x_wconf 82' lang='lat' dir='ltr'><strong>iuerat,</strong></span> <span class='ocrx_word' id='word_1_189' title='bbox 1155 3596 1238 3681; x_wconf 91' lang='lat' dir='ltr'><strong>post</strong></span> <span class='ocrx_word' id='word_1_190' title='bbox 1255 3593 1408 3652; x_wconf 88' lang='lat' dir='ltr'><strong>mortem</strong></span> 
     </span>
     <span class='ocr_line' id='line_1_29' title="bbox 345 3697 1409 3800; baseline -0.003 -31"><span class='ocrx_word' id='word_1_191' title='bbox 345 3698 455 3796; x_wconf 87' lang='lat' dir='ltr'><strong>patris</strong></span> <span class='ocrx_word' id='word_1_192' title='bbox 468 3713 509 3770; x_wconf 91' lang='lat' dir='ltr'><strong>ut</strong></span> <span class='ocrx_word' id='word_1_193' title='bbox 519 3705 702 3800; x_wconf 90' lang='lat' dir='ltr'><strong>propriam</strong></span> <span class='ocrx_word' id='word_1_194' title='bbox 715 3701 878 3774; x_wconf 89' lang='lat' dir='ltr'><strong>sobolem</strong></span> <span class='ocrx_word' id='word_1_195' title='bbox 891 3701 1042 3773; x_wconf 88' lang='lat' dir='ltr'><strong>dulciter</strong></span> <span class='ocrx_word' id='word_1_196' title='bbox 1055 3700 1232 3792; x_wconf 88' lang='lat' dir='ltr'><strong>educavit,</strong></span> <span class='ocrx_word' id='word_1_197' title='bbox 1248 3697 1409 3794; x_wconf 91' lang='lat' dir='ltr'><strong>geminis-</strong></span> 
     </span>
     <span class='ocr_line' id='line_1_30' title="bbox 345 3813 1409 3915; baseline -0.005 -28"><span class='ocrx_word' id='word_1_198' title='bbox 345 3840 416 3911; x_wconf 90' lang='lat' dir='ltr'><strong>que</strong></span> <span class='ocrx_word' id='word_1_199' title='bbox 441 3815 720 3915; x_wconf 89' lang='lat' dir='ltr'><strong>pubescentibus</strong></span> <span class='ocrx_word' id='word_1_200' title='bbox 748 3847 756 3890; x_wconf 79' lang='lat' dir='ltr'><strong><em>z</em></strong></span> <span class='ocrx_word' id='word_1_201' title='bbox 782 3818 1011 3890; x_wconf 90' lang='lat' dir='ltr'><strong>Gualeranno</strong></span> <span class='ocrx_word' id='word_1_202' title='bbox 1040 3832 1076 3888; x_wconf 86' lang='lat' dir='ltr'><strong>et</strong></span> <span class='ocrx_word' id='word_1_203' title='bbox 1101 3813 1283 3886; x_wconf 85' lang='lat' dir='ltr'><strong>Rodberto</strong></span> <span class='ocrx_word' id='word_1_204' title='bbox 1310 3834 1409 3883; x_wconf 86' lang='lat' dir='ltr'><strong>arma</strong></span> 
     </span>
     <span class='ocr_line' id='line_1_31' title="bbox 344 3929 1409 4030; baseline -0.007 -28"><span class='ocrx_word' id='word_1_205' title='bbox 344 3932 509 4004; x_wconf 89' lang='lat' dir='ltr'><strong>militaria</strong></span> <span class='ocrx_word' id='word_1_206' title='bbox 523 3931 634 4003; x_wconf 90' lang='lat' dir='ltr'><strong>dedit.</strong></span> <span class='ocrx_word' id='word_1_207' title='bbox 655 3933 902 4006; x_wconf 85' lang='lat' dir='ltr'><strong>Gualerannus</strong></span> <span class='ocrx_word' id='word_1_208' title='bbox 918 3933 1052 4030; x_wconf 90' lang='lat' dir='ltr'><strong>quippe</strong></span> <span class='ocrx_word' id='word_1_209' title='bbox 1068 3945 1185 4001; x_wconf 87' lang='lat' dir='ltr'><strong>totum</strong></span> <span class='ocrx_word' id='word_1_210' title='bbox 1200 3929 1290 3999; x_wconf 84' lang='lat' dir='ltr'><strong>citra</strong></span> <span class='ocrx_word' id='word_1_211' title='bbox 1311 3947 1409 3996; x_wconf 82' lang='lat' dir='ltr'><strong>marc</strong></span> 
     </span>
     <span class='ocr_line' id='line_1_32' title="bbox 344 4040 1406 4147; baseline -0.011 -27"><span class='ocrx_word' id='word_1_212' title='bbox 344 4048 504 4147; x_wconf 89' lang='lat' dir='ltr'><strong>possedit</strong></span> <span class='ocrx_word' id='word_1_213' title='bbox 530 4049 640 4147; x_wconf 85' lang='lat' dir='ltr'><strong>patris</strong></span> <span class='ocrx_word' id='word_1_214' title='bbox 668 4049 721 4117; x_wconf 92' lang='lat' dir='ltr'><strong>sui</strong></span> <span class='ocrx_word' id='word_1_215' title='bbox 750 4048 1005 4145; x_wconf 88' lang='lat' dir='ltr'><strong>patrimonium</strong></span> <span class='ocrx_word' id='word_1_216' title='bbox 1032 4074 1040 4116; x_wconf 78' lang='grc' dir='ltr'><em>τ</em></span> <span class='ocrx_word' id='word_1_217' title='bbox 1067 4047 1101 4116; x_wconf 90' lang='lat' dir='ltr'><strong>in</strong></span> <span class='ocrx_word' id='word_1_218' title='bbox 1132 4042 1246 4114; x_wconf 86' lang='lat' dir='ltr'><strong>Gallia</strong></span> <span class='ocrx_word' id='word_1_219' title='bbox 1277 4040 1406 4112; x_wconf 87' lang='lat' dir='ltr'><strong>scilicet</strong></span> 
     </span>
     <span class='ocr_line' id='line_1_33' title="bbox 344 4159 1403 4251; baseline -0.008 -17"><span class='ocrx_word' id='word_1_220' title='bbox 344 4162 499 4235; x_wconf 81' lang='lat' dir='ltr'><strong>blellenti</strong></span> <span class='ocrx_word' id='word_1_221' title='bbox 508 4161 746 4251; x_wconf 86' lang='lat' dir='ltr'><strong>consulatum,</strong></span> <span class='ocrx_word' id='word_1_222' title='bbox 760 4161 795 4232; x_wconf 91' lang='lat' dir='ltr'><strong>in</strong></span> <span class='ocrx_word' id='word_1_223' title='bbox 808 4163 968 4250; x_wconf 83' lang='lat' dir='ltr'><strong>Neustria</strong></span> <span class='ocrx_word' id='word_1_224' title='bbox 977 4186 1064 4235; x_wconf 92' lang='lat' dir='ltr'><strong>vero</strong></span> <span class='ocrx_word' id='word_1_225' title='bbox 1076 4159 1403 4243; x_wconf 84' lang='lat' dir='ltr'><strong>Bellum-Montem,</strong></span> 
     </span>
    </p>
   </div>
   <div class='ocr_carea' id='block_1_4' title="bbox 0 0 1600 5064">
    <p class='ocr_par' dir='ltr' id='par_1_7' title="bbox 0 0 1600 5064">
     <span class='ocr_line' id='line_1_34' title="bbox 0 0 1600 5064; baseline 0 0"><span class='ocrx_word' id='word_1_226' title='bbox 0 0 1600 5064; x_wconf 95' lang='lat' dir='ltr'><strong> </strong></span> 
     </span>
    </p>
   </div>
  </div>
 </body>
</html>
