3178 5052
348 499 387 560 84
620 495 806 559 utstontt
827 494 1134 558 Bccttssttsttct.
1303 495 1413 578 [1100]

347 635 458 731 eripe,
478 633 562 730 quia
581 634 742 729 turpiter,
763 634 987 730 quantumin
1004 634 1080 728 ipso
1091 645 1155 715 cst,
1173 629 1412 728 mepolluitet

349 749 553 820 immaniter
569 745 715 846 affligit.
735 749 998 818 >1—Dominus
1015 761 1132 816 autem
1148 745 1379 843 respondebat
1396 774 1408 818 .·

351 892 369 930 ιι
386 866 569 934 Patienter
598 863 727 953 tolera,
752 863 941 960 paulisper
968 879 1139 960 expecta,
1172 866 1341 961 quoniam
1370 867 1409 935 in

340 981 510 1075 proxima
523 977 587 1049 tibi
595 976 778 1074 sufficiens
790 976 973 1050 adhibetur
985 976 1057 1049 dei
1056 977 1279 1050 llsruindicta.
1296 983 1409 1050 »Hsec

346 1097 463 1192 itaque
485 1092 634 1164 aculione
654 1096 868 1178 contremui,
889 1109 925 1164 et
945 1094 1154 1166 calestem'
1138 1119 1231 1166 cram
1247 1097 1412 1192 principi

345 1225 466 1281 nostro
482 1233 566 1279 moa
583 1211 767 1279 imminere
784 1233 855 1278 non
871 1207 1039 1295 dubitavi,
1064 1209 1263 1307 intelligens
1276 1225 1409 1282 sancte

346 1327 489 1422 virginis
506 1340 542 1395 et
556 1326 683 1395 matris
699 1323 863 1394 Ecclesia
879 1323 1052 1394 cbtnurres
1061 1327 1264 1421 pervenisse
1282 1323 1333 1396 ud
1347 1351 1407 1396 au·

344 1464 402 1510 res
422 1442 579 1525 Domini,
594 1464 666 1536 pro
682 1441 822 1536 rapinis
838 1455 871 1510 et
886 1438 1044 1536 turpibus
1059 1439 1213 1510 moeolu'is
1228 1439 1297 1536 (1),
1315 1439 1404 1510 alto-

344 1580 491 1653 rumque
500 1555 711 1650 facinorum
728 1556 873 1626 sarcina
891 1552 1125 1642 intolerabili,
1147 1553 1270 1652 quibus
1287 1580 1353 1626 reu
1370 1571 1406 1628 et

337 1671 524 1769 pedisequi
544 1670 623 1768 ejus
654 1695 725 1742 non
747 1668 921 1740 desistunt
942 1667 1098 1740 divinam
1120 1668 1230 1768 legem
1253 1669 1405 1768 quou'dic

341 1785 545 1885 transgredi
556 1785 624 1882 (2).

389 1902 451 1972 His
466 1900 613 1990 auditis,
634 1897 859 1971 venerandus
877 1897 977 1970 Serlo
996 1897 1052 1994 (3)
1069 1897 1180 1970 abhas
1195 1898 1402 1969 commoni-

339 2017 451 2088 torios
465 2017 583 2114 apices
599 2015 654 2112 (lt)
671 2014 802 2099 edidit,
824 2029 859 2086 et
877 2013 1111 2086 amicabiliter
1131 2015 1177 2087 de
1193 2015 1402 2087 Gloucestm

338 2135 411 2231 regi
430 2133 571 2222 direxit,
590 2130 774 2230 inquibus
792 2131 869 2222 ille,
888 2155 968 2228 quae
985 2133 1184 2204 monachus
1201 2134 1237 2204 in
1256 2135 1332 2206 visu
1352 2131 1402 2204 di·

372 2455 412 2529 ll)
432 2453 481 2512 Gl.
494 2455 565 2510 int.:
580 2453 738 2510 adulteriis.

371 2547 411 2613 (2)
430 2541 477 2598 Un
491 2543 584 2598 moine
596 2541 782 2597 dentre-mer
793 2541 854 2596 rint
867 2553 996 2598 recenter
1008 2545 1023 2598 d
1037 2541 1348 2599 Robert·Fitz·Hanron
1359 2563 1400 2602 un

334 2634 398 2690 reve
413 2633 479 2688 bien
497 2642 656 2688 autrement
671 2631 796 2702 sinistre,
810 2630 879 2686 dans
895 2631 986 2706 lequel
1001 2631 1022 2686 it
1040 2633 1112 2688 avait
1126 2650 1163 2686 ιιι
1179 2631 1399 2688 Guillsumede·

333 2725 414 2782 Roox
427 2722 558 2780 mordent
570 2721 611 2778 les
622 2722 686 2777 bras
699 2733 728 2777 et
737 2720 776 2776 ies
789 2722 892 2778 coisses
904 2721 940 2777 de
951 2721 1033 2778 iesus
1043 2739 1091 2776 eur
1100 2721 1127 2776 le
1136 2721 1233 2778 Croix.
1248 2721 1285 2777 Le
1296 2723 1398 2778 Cruci·

332 2811 383 2882 fix,
397 2813 477 2886 apres
489 2811 566 2866 avoir
575 2807 692 2864 d'abord
704 2808 818 2864 souliers
832 2828 896 2864 avec
908 2811 1036 2882 patience
1047 2827 1092 2864 ces
1104 2810 1223 2884 injures,
1238 2811 1311 2865 avait
1323 2810 1398 2866 enfin

327 2902 386 2976 jete
399 2902 468 2957 d'un
485 2919 558 2974 ooup
570 2898 605 2954 de
618 2898 683 2973 pied
695 2897 837 2954 l’insolent
848 2917 993 2972 agresseur
1009 2899 1061 2954 tta
1074 2917 1211 2955 renverse.
1225 2899 1308 2956 diors
1319 2900 1356 2956 de
1371 2899 1398 2956 ln

330 2992 441 3048 bouche
453 2989 489 3046 de
501 2989 616 3046 celui-ci
632 2989 736 3044 etaient
750 2987 832 3043 sortis
847 2987 882 3041 de
897 2987 948 3042 tels
962 2985 1131 3043 tourbillons
1142 2987 1178 3042 de
1189 2987 1327 3056 flammeo,
1341 3005 1398 3063 que

331 3079 356 3134 la
367 3078 461 3134 fumeo
474 3095 510 3134 en
523 3076 719 3134 obscorcissait
731 3074 771 3131 les
784 3075 876 3132 cieux.
890 3073 998 3130 Robert
1014 3086 1077 3130 erut
1092 3075 1188 3131 devoir
1203 3076 1273 3132 faire
1286 3087 1350 3150 pert
1361 3075 1398 3134 de

329 3183 361 3221 ce
378 3180 464 3236 conge
482 3181 518 3218 eu
535 3164 592 3231 roi,
609 3164 659 3237 qui
677 3181 713 3218 en
726 3161 867 3218 eccueillit
884 3161 911 3216 le
927 3162 997 3218 recit
1011 3180 1076 3217 erec
1091 3163 1127 3218 de
1145 3163 1248 3236 grande
1263 3163 1347 3222 edere
1361 3163 1397 3220 de

329 3255 387 3308 rire
403 3276 408 3307 :
423 3253 499 3308 C'est
510 3269 549 3306 un
566 3252 676 3322 moine,
691 3249 860 3316 iberia-til,
875 3260 904 3305 et
921 3251 987 3306 c'eet
1004 3270 1055 3324 per
1071 3251 1244 3324 speculation
1261 3251 1329 3327 qu'il
1345 3253 1396 3308 tait

328 3359 373 3398 cet
385 3342 462 3398 rives
474 3357 636 3395 monaoeux.
651 3339 744 3410 Qu’on
757 3339 797 3393 lui
810 3337 906 3393 donne
918 3349 982 3394 cent
998 3342 1075 3395 eous!
1090 3339 1254 3414 Cependsnt
1267 3339 1307 3397 lui
1321 3343 1394 3397 tussi

327 3431 400 3486 erait
411 3431 462 3485 lait
474 3447 513 3484 uo
526 3445 612 3500 conge
624 3424 745 3483 sinistre.
762 3427 843 3484 tuot
857 3425 1031 3502 habeon-bil
1044 3428 1203 3504 longtemps
1215 3440 1296 3486 event
1312 3429 1349 3486 de
1365 3445 1395 3484 se

326 3518 440 3576 de'cider
452 3521 468 3574 t
479 3516 547 3574 aller
560 3519 575 3573 t
587 3516 614 3572 le
627 3515 737 3583 chasse,
751 3526 780 3570 et
792 3516 872 3573 tut-it
885 3515 980 3588 obligo
993 3516 1030 3572 de
1044 3517 1122 3574 boire
1136 3519 1267 3594 plusque
1280 3519 1316 3576 de
1329 3535 1396 3576 cou-

325 3619 402 3664 tume
414 3625 486 3681 pour
500 3603 650 3662 e’etourdir
664 3605 868 3661 :crebrioribus
878 3625 963 3679 quom
974 3618 1156 3664 consueverat
1167 3610 1277 3682 poculis
1286 3603 1393 3664 vultum

324 3715 481 3753 serenasse.

357 3785 398 3859 (3)
414 3782 528 3851 sedon,
546 3780 661 3837 d’ebord
680 3779 817 3836 chanoine
834 3781 1023 3838 d'Amnches
1043 3799 1107 3838 eoos
1124 3784 1249 3860 Fereque
1268 3783 1390 3852 Michel,

322 3876 386 3948 puis
398 3873 493 3928 moine
507 3871 546 3927 du
559 3870 871 3943 Mont-Saint·Michel,
885 3871 928 3927 lut
941 3870 997 3940 ttu,
1012 3890 1047 3928 en
1061 3875 1140 3940 ¹072,
1155 3891 1204 3928 sur
1216 3874 1242 3930 la
1253 3872 1391 3929 demendo

321 3963 361 4018 du
373 3962 415 4017 roi
426 3957 603 4026 Guillaume,
618 3959 741 4033 premier
754 3959 825 4014 ebbe
839 3958 984 4015 Normand
997 3959 1033 4015 dc
1047 3961 1239 4020 saint-Pierre
1250 3963 1286 4017 de
1297 3961 1390 4018 Glou·

320 4061 420 4107 oester.
436 4049 460 4104 ΙΙ
473 4065 509 4106 en
521 4049 716 4104 reconstruieit
731 4048 852 4122 l’eqlise,
871 4051 921 4123 qui
939 4050 984 4106 iot
1001 4050 1100 4108 de'die'e
1113 4071 1148 4106 au
1165 4053 1237 4108 mois
1252 4051 1288 4108 de
1296 4051 1390 4124 juillet

320 4143 401 4210 4400,
415 4137 549 4216 quelques
558 4138 640 4212 jours
649 4157 701 4212 par
712 4140 885 4213 consequent
895 4151 977 4196 event
989 4139 1015 4195 le
1027 4158 1113 4213 conge
1124 4139 1163 4196 du
1176 4142 1281 4197 moine.

354 4232 395 4298 (b)
413 4228 463 4288 Gt.
481 4228 533 4284 int.
547 4251 552 4282 :
568 4227 709 4284 scedulas.
