2888 4934
189 411 247 473 ³98
460 404 646 466 tttsuotttt
664 403 968 466 uccttsttsttct.

236 545 336 628 Herc,
357 537 440 636 quia
462 536 509 609 de
528 537 645 608 Veteri
667 539 880 634 Rotomugo,
905 535 966 608 ubi
987 536 1161 607 llenricus
1177 559 1230 610 ret

188 653 370 728 castellum
387 654 425 725 in
436 652 556 724 hostes
571 651 763 739 inchoavit,
780 651 849 724 sed·
858 651 928 724 illis
940 652 1106 750 protinus
1117 674 1233 723 recon-

188 766 311 839 ciliatis
328 767 520 864 incoeptum
539 789 630 862 opus
650 766 856 855 intermisit,
873 765 920 837 ud
940 765 1105 836 notitiam
1123 780 1234 861 poste·

189 882 300 952 ritatis
333 881 549 952 mentionem
582 879 668 967 feci,
701 879 749 952 de
779 882 977 979 priscorum
1011 877 1236 951 relationibus

188 994 314 1091 adjeci.
324 999 425 1066 Nunc
434 994 788 1092 sutemadresnuper
796 1009 923 1091 gestus,
932 1007 970 1065 ut
981 992 1087 1090 ooepi,
1100 991 1233 1075 redibo,

190 1125 224 1181 ct
237 1102 303 1208 pro
316 1133 421 1211 posse
433 1132 514 1180 meo
525 1108 690 1206 antiquos
701 1109 890 1207 scriptores
902 1131 1068 1205 sequens,
1081 1105 1236 1181 laborem

77 1246 83 1260 ·
189 1247 311 1295 meum
326 1224 417 1296 aetati
436 1223 558 1293 suturae
575 1222 700 1295 offero.

236 1340 358 1408 XXIV.
373 1339 505 1410 Omnes
512 1336 707 1409 Nnnnanni
715 1337 909 1435 quieontru
915 1360 1047 1433 regem,
1059 1349 1101 1407 ut
1107 1334 1237 1408 dictum

190 1465 254 1541 est,
270 1449 537 1541 rebellaverunt,
554 1450 671 1549 ipsum
682 1451 719 1524 in
732 1449 897 1522 omnibus
911 1449 1097 1521 fortiorem
1109 1449 1237 1546 experti

188 1581 287 1657 sunt,
307 1566 502 1663 meliusque
519 1589 627 1663 quam
644 1566 729 1637 olim
747 1564 933 1638 consilium
949 1578 1153 1662 captantes,
1172 1577 1236 1634 tutu

188 1705 253 1778 per
270 1705 308 1752 se
324 1705 432 1778 quam
450 1705 513 1785 per
531 1681 664 1752 amicos
681 1680 821 1752 venium
840 1680 1033 1778 petierunt,
1054 1693 1090 1749 et
1107 1674 1235 1776 suppli·

188 1819 248 1868 ces
265 1819 286 1866 e
306 1820 387 1892 rege
409 1794 553 1866 indultis
574 1795 727 1866 reatibus
748 1794 879 1892 recepti
895 1807 991 1865 sunt.
1009 1792 1117 1863 lnviti
1132 1791 1236 1888 siqui·

188 1908 271 1981 dem
283 1909 512 2008 Guillelmum
525 1888 701 1981 Clitoneln
718 1933 800 1980 cum
816 1907 933 1998 Helie,
951 1906 1141 2005 pedagogo
1157 1930 1233 1996 suo,

187 2022 225 2092 in
242 2021 346 2095 exilio
365 2023 600 2120 reliquerunt,
621 2024 684 2096 sed
700 2022 800 2095 aliter
817 2022 1053 2120 potentissimi
1073 2020 1236 2120 principit

188 2158 311 2232 pacem
328 2137 460 2211 habere
477 2139 724 2235 nequiverunt.

236 2254 356 2323 Mense
378 2252 564 2324 novembri
587 2252 660 2348 (l),
686 2252 841 2323 Culixtus
865 2255 958 2349 Papa
981 2251 1018 2320 in
1042 2250 1236 2322 Neustn'em

189 2365 297 2454 venit,
313 2378 349 2436 et
361 2365 510 2437 Gisortie
522 2389 604 2437 cum
618 2390 699 2461 rege
711 2365 930 2463 colloquium
941 2364 987 2437 de
999 2386 1090 2463 pace
1103 2362 1235 2435 habuit.

187 2477 392 2577 Magnificus
416 2504 478 2552 rex
500 2479 600 2551 illuns
620 2478 818 2552 honorifice
841 2479 1009 2577 suscepit,
1034 2492 1073 2550 et
1095 2479 1175 2574 ejus
1197 2474 1237 2550 ud

187 2594 297 2694 pedes
312 2618 448 2695 pronus
464 2578 625 2686 accessit,
644 2619 798 2692 eumque
814 2609 1016 2668 reverenter
1030 2593 1234 2681 honoravit,

188 2889 281 2934 sevam
291 2879 357 2948 emi,
369 2878 410 2933 Μ.
420 2877 530 2947 Delisle,
544 2895 615 2932 nous
626 2879 725 2933 avertit
735 2877 1045 2951 qu’independamnrent
1057 2877 1126 2931 d’nn
1140 2877 1237 2931 Portus

189 2966 308 3021 Rutubis
320 2985 356 3021 en
370 2964 503 3039 Afrique,
517 2964 678 3020 mentionne
694 2983 743 3039 par
758 2964 850 3032 Pline,
871 2964 890 3019 il
904 2984 922 3036 y
936 2984 952 3019 e
966 2984 1001 3020 eu
1019 2983 1068 3020 eur
1084 2965 1110 3020 le
1126 2965 1190 3020 cote
1203 2963 1237 3019 du

188 3053 279 3105 comte
289 3048 324 3104 de
336 3049 409 3105 Kent
422 3067 460 3103 un
474 3048 529 3103 lieu
543 3051 654 3103 nomme
665 3068 715 3121 per
728 3048 819 3105 Orose
835 3048 960 3103 ulutatu·
972 3049 1091 3113 Portus,
1107 3050 1160 3122 qni
1176 3065 1238 3102 auru

189 3154 228 3207 pu
247 3139 333 3192 servir
351 3139 385 3192 de
404 3148 476 3193 texte
491 3156 525 3192 uu
541 3138 696 3193 tomancier
711 3138 835 3210 primitis
845 3156 918 3211 pour
930 3139 955 3194 la
967 3140 1093 3194 creation
1106 3139 1148 3193 du
1162 3149 1238 3209 tyren

190 3221 329 3279 Rutubus.

223 3308 263 3379 (l)
279 3312 315 3365 Le
329 3311 411 3383 Pape,
428 3314 499 3366 reste
510 3314 525 3364 ὲι
538 3310 633 3364 Reims
640 3311 769 3383 jusqu'au
781 3316 814 3370 40
830 3312 986 3378 novembre,
1000 3312 1170 3366 s'achemine
1183 3327 1239 3366 vers

188 3395 288 3449 Gisors
300 3414 349 3468 per
362 3400 434 3453 laon
447 3409 475 3453 et
489 3398 624 3463 beauvais,
641 3397 706 3452 d'ot's
718 3397 737 3451 il
751 3397 813 3453 data
827 3417 928 3455 encore
941 3399 989 3454 des
1001 3397 1091 3453 bulles
1102 3398 1129 3453 le
1143 3401 1188 3456 2⁰.

224 3483 264 3538 Ce
275 3483 370 3538 n’etait
381 3504 428 3558 pes
439 3486 465 3539 la
475 3487 611 3559 premiere
622 3485 674 3540 sois
685 3505 739 3560 quc
751 3485 863 3541 Calliste
876 3497 905 3541 et
915 3487 1004 3540 Heuri
1015 3504 1043 3540 se
1052 3487 1191 3558 uoyuieut.
1204 3485 1239 3539 lls

189 3568 382 3641 s'etaientde'jl
393 3575 552 3628 rencontree
563 3592 598 3627 en
611 3573 776 3646 engleterre
788 3592 823 3628 en
835 3578 903 3631 4400
915 3573 1025 3647 lorsque
1034 3572 1160 3639 Calliste,
1171 3571 1239 3628 elon

189 3657 359 3731 erchereque
368 3658 403 3714 de
414 3661 534 3732 vienne,
545 3680 563 3733 y
574 3661 617 3716 int
625 3663 729 3735 euroye
741 3681 790 3735 par
800 3661 894 3717 Pascal
906 3663 934 3716 ΙΙ
943 3679 978 3716 en
990 3659 1097 3734 qualite
1109 3660 1146 3715 de
1158 3660 1238 3734 leget.

189 3749 269 3801 Cette
282 3745 394 3801 mission
408 3748 484 3802 n'eut
497 3767 545 3820 pas
558 3750 593 3804 de
607 3751 700 3805 succes
717 3750 785 3805 dans
796 3759 839 3805 ‘un
855 3768 921 3823 pays
934 3751 971 3804 οὺ
984 3747 1041 3804 l'on
1058 3749 1128 3803 etait
1141 3766 1239 3804 accou-
1279 3805 1280 3808 ,

191 3839 267 3891 turne
284 3838 298 3889 l
314 3852 349 3889 ne
366 3836 425 3889 voir
441 3833 560 3890 d’autres
577 3839 664 3910 legate
681 3857 736 3912 que
751 3837 790 3893 les
807 3839 990 3911 archeveques
1004 3837 1040 3892 de
1055 3838 1236 3908 cantorbery.

191 3922 269 3978 Saint
284 3921 414 3976 Anseltne
428 3919 468 3976 lui
485 3922 577 3976 rendit
589 3923 614 3975 le
627 3924 682 3978 bon
696 3924 799 3979 accueil
812 3924 881 3997 qu’il
893 3943 928 3978 en
940 3925 1011 3977 avait
1023 3942 1091 3996 requ
1103 3927 1117 3978 l
1131 3925 1238 3980 Vienne

192 4009 262 4064 deux
280 4028 328 4064 ans
341 4018 520 4082 supererant3
535 4009 603 4062 mais
616 4008 641 4062 le
653 4011 694 4064 roi
711 4010 797 4066 chri
815 4010 939 4083 l'obligee
955 4011 990 4065 de
1004 4029 1129 4084 repauset
1142 4011 1169 4066 la
1183 4027 1237 4066 ruer

193 4113 252 4148 sens
266 4097 346 4152 s'etre
358 4097 478 4170 acquittc
490 4093 524 4148 ilc
537 4113 586 4150 son
597 4097 718 4152 mandat.
