2888 4934
96 106 305 186 [two-llll]
438 106 554 167 LlBEll
576 104 818 167 unuuctttus.
1096 107 1152 167 ttt

96 236 223 310 cienda
237 236 348 309 locuti
364 250 446 309 sunt
465 237 534 331 (4).
552 235 640 322 Sed,
663 237 746 333 quia
764 233 922 308 seditiosi
944 234 1156 310 dissidentes

98 350 370 446 perturbabant,
390 352 526 423 cunctis
552 349 742 422 loederibus
767 349 881 447 ruptis
905 348 1154 424 discesserunt.

97 467 189 538 lotis
214 464 448 564 postmodum
473 465 605 538 viribus
630 481 815 565 coeperunt
838 489 1001 562 guerram
1026 469 1156 563 passim

99 603 216 678 agere,
238 596 275 654 et
291 605 475 680 proceres,
496 583 672 680 probique
691 585 840 670 tirones,
860 582 990 678 quibus
1008 582 1156 656 inhaere·

98 713 191 786 rent,
210 713 328 796 partes
344 697 489 794 eligere,
510 712 545 769 et
566 697 740 770 incendiis
755 713 862 794 atque
879 699 1011 794 rapinis
1028 723 1049 770 a
1069 704 1157 771 Pen-

96 825 228 885 tecoste
263 837 373 910 usque
407 812 453 884 ad
487 811 709 885 festivitatem
743 813 855 884 sancti
888 812 1066 884 Michaelis
1100 814 1155 884 in·

88 926 216 999 sistere
234 928 303 1023 (2).

133 1046 264 1113 XVlll.
292 1045 392 1113 Tunc
421 1043 613 1130 Henricus,
638 1046 836 1141 lmperator
857 1041 1152 1128 alemannorum,

73 1165 152 1229 νιιο
173 1155 256 1227 idus
273 1157 412 1251 augusti
430 1158 620 1254 expiravit3
642 1157 724 1245 sed,
745 1158 828 1254 quia
851 1180 917 1254 pro
938 1157 1059 1228 multis
1082 1184 1157 1232 rea·

69 1270 184 1344 tibus
202 1272 294 1361 suis,
315 1271 469 1344 Ecclesia
486 1287 593 1363 teste,
612 1277 689 1345 Deo
709 1297 783 1343 non
806 1272 1036 1362 satislecerat,
1063 1288 1155 1346 terra

62 1387 224 1474 caruit,
255 1409 322 1457 uec
347 1411 412 1484 per
434 1387 566 1459 multos
590 1412 704 1459 annos
728 1387 888 1458 humano
917 1387 985 1457 ritu
1014 1389 1155 1486 sepeliri

58 1503 234 1575 meruit.
264 1501 413 1574 Karolus
437 1504 610 1575 Henricus
633 1506 706 1587 Vm,
733 1501 826 1573 filius
847 1502 942 1597 ejus,
965 1517 1048 1600 post
1071 1528 1154 1575 eum

57 1616 291 1717 imperavit,
307 1618 369 1714 qui
383 1633 465 1716 post
478 1634 548 1691 tres
565 1642 679 1689 annos
696 1616 918 1707 Mathildem,
937 1617 1047 1689 liliam
1061 1623 1156 1690 Hen-

55 1735 145 1806 rici
162 1733 261 1828 regis
274 1732 481 1828 anglorum,
500 1757 649 1804 uxorem
666 1731 783 1821 duxit3
800 1731 863 1804 sed
877 1732 1073 1829 legitimum
1086 1732 1154 1803 sibi

58 1845 125 1920 de
143 1872 192 1919 ea
208 1872 450 1920 successorem
468 1872 542 1921 non
560 1847 685 1918 habuit
704 1847 773 1944 (3)

63 2040 180 2053 ————-
389 2045 843 2053 ————----oe-‹<--·—--—-.>...-
862 2048 885 2052 ,μ
899 2048 930 2053 ...,
959 2048 961 2051 ,
981 2047 1003 2052 ...
1016 2047 1058 2053 ...Δ
1082 2044 1144 2052 ...⁴-

114 2153 160 2227 (4)
181 2153 260 2208 Nous
272 2164 438 2226 rapportons
451 2171 552 2208 encore
565 2156 581 2207 a
593 2153 699 2207 l'annee
711 2157 781 2210 4405
794 2165 865 2209 cette
876 2165 1007 2209 entrcvue
1019 2154 1068 2208 des
1081 2153 1153 2209 deux

63 2235 173 2296 freres
187 2243 203 2293 :i
217 2239 362 2308 Cinteaux,
378 2241 442 2314 pres
456 2240 576 2310 Falsise,
592 2240 641 2313 qui
657 2239 709 2293 (lut
721 2241 798 2294 avoir
810 2240 893 2295 liena
908 2241 933 2295 la
947 2241 984 2295 lin
997 2240 1033 2294 de
1048 2241 1102 2293 mai
1115 2259 1151 2294 ou

66 2341 114 2383 ιιι
132 2338 380 2384 commencement
397 2328 432 2385 de
448 2328 526 2399 juin,
547 2327 573 2382 le
587 2327 654 2399 jour
671 2327 706 2383 de
723 2327 750 2382 la
768 2329 918 2384 Pentecote
936 2329 1065 2383 tomhant
1080 2338 1153 2383 cette

66 2415 219 2471 nanee-ta
231 2415 257 2471 le
269 2419 303 2475 28
317 2417 381 2470 mai.
394 2416 483 2484 Ainsi,
500 2415 567 2470 e’est
580 2413 650 2469 dans
664 2414 690 2469 le
704 2416 775 2469 mois
788 2415 824 2471 de
837 2417 891 2470 mai
905 2416 973 2490 qu'il
986 2416 1046 2470 saut
1060 2412 1152 2487 placer

67 2496 103 2560 le
115 2506 199 2579 siege
213 2503 249 2561 de
261 2504 375 2561 Falsise.

111 2594 159 2667 (Ξ)
179 2592 233 2648 Cet
243 2595 301 2648 etat
309 2592 344 2649 de
353 2591 487 2648 de'sordre
498 2603 527 2649 et
535 2593 693 2649 d'anarchie
703 2612 738 2648 ne
749 2591 820 2647 dura
832 2609 879 2664 pas
888 2591 1042 2647 seulement
1050 2602 1150 2666 quatre

67 2683 164 2749 mois,
178 2698 289 2737 comme
302 2678 329 2737 le
342 2699 427 2754 pense
440 2690 521 2736 notre
535 2691 645 2748 auteur,
659 2683 730 2736 mais
744 2682 815 2735 seiae
827 2681 907 2746 mois,
922 2679 1022 2752 depuis
1035 2680 1060 2735 la
1074 2681 1150 2736 Pen-

68 2769 189 2839 neore,
204 2772 241 2828 28
254 2771 309 2825 mai
321 2772 406 2836 4405,
416 2769 528 2844 jusqu'a
540 2769 564 2823 la
580 2769 617 2823 fin
632 2768 668 2823 de
683 2768 842 2842 septembre
855 2771 933 2825 4406.
948 2767 1026 2822 Deux
1039 2767 1150 2824 circon-

70 2865 191 2915 anes
208 2860 351 2932 portes-eut
367 2859 394 2912 le
412 2859 455 2913 roi
476 2857 702 2931 ‹l'Angleterrei
721 2867 854 2913 remettre
868 2861 884 2912 i
899 2857 1005 2911 l’annee
1025 2858 1149 2913 snivaute

69 2938 359 3021 1'aoeomptinement
369 2947 405 3003 de
414 2965 457 3002 ses
465 2947 572 3021 projets
582 2966 655 3020 pour
666 2946 692 3002 la
703 2938 892 3019 depossession
905 2945 1043 3019 complete
1052 2945 1089 3001 de
1098 2963 1148 3000 son

72 3037 266 3093 matheum
276 3036 350 3093 frere
364 3061 370 3092 :
385 3036 411 3092 la
422 3037 537 3093 retraite
547 3037 586 3091 du
595 3025 687 3092 comte
701 3035 792 3104 lle'lie,
806 3035 856 3109 qui
869 3054 905 3090 ne
918 3035 958 3091 lui
970 3035 1074 3090 laissait
1084 3034 1149 3107 plus

73 3136 153 3180 ma
165 3123 203 3180 de
213 3124 303 3182 forces
317 3143 390 3200 pour
406 3126 519 3199 lrapper
536 3145 575 3181 nn
589 3143 662 3198 conp
678 3124 779 3180 decisis
781 3166 790 3191 ,
804 3134 833 3178 et
846 3122 1038 3197 l'epuisement
1050 3123 1148 3179 deson

75 3213 180 3279 trecor,
192 3230 243 3286 par
255 3214 327 3268 suite
339 3212 374 3269 de
386 3213 550 3271 l'insatiable
561 3214 664 3269 avidite
675 3213 724 3268 des
735 3215 880 3288 seigneurs
892 3213 1060 3280 ll'ormands,
1074 3215 1147 3267 aussi

77 3301 235 3372 cuprenses
245 3318 316 3372 pour
325 3301 350 3357 le
362 3302 454 3358 moins
463 3302 498 3357 de
508 3321 536 3358 se
549 3301 652 3357 vendre
663 3305 678 3356 i
688 3301 738 3369 lui,
750 3300 914 3376 qn’ill’etait
923 3300 958 3356 de
966 3300 1005 3355 les
1015 3301 1145 3355 acheter:

83 3385 114 3442 ln
130 3387 215 3462 cnjus
230 3387 368 3454 adventu,
386 3394 528 3463 principes
541 3400 568 3445 et
579 3401 736 3465 magnates,
752 3410 853 3445 aurum
869 3400 896 3445 et
909 3400 1059 3463 argentum
1070 3391 1147 3443 illius

84 3475 258 3545 anhelantes,
271 3488 364 3549 spreto
375 3477 456 3542 duce,
469 3483 496 3534 ei
506 3490 695 3549 occurrerunt,
711 3489 738 3534 et
750 3480 805 3535 sibi
814 3499 844 3533 se
853 3479 1040 3552 subjr'cr'entes,
1051 3486 1146 3534 castra

87 3565 108 3614 ei
120 3572 147 3618 et
157 3567 283 3620 civitates
295 3569 431 3633 munitas,
445 3571 583 3622 excoecati
592 3567 763 3630 muneribus,
778 3565 966 3621 tradiderunt.

116 3651 156 3721 (t)
173 3652 354 3726 L’empereur
376 3654 465 3710 Heuri
482 3654 526 3711 IV
543 3665 658 3710 mourut
678 3658 695 3710 4
712 3656 796 3729 Liege
817 3655 843 3710 le
862 3656 880 3711 ’1
899 3652 965 3708 norit
986 3652 1065 3708 4407.
1087 3652 1144 3707 Son

92 3752 161 3810 corps
179 3739 224 3795 lut
239 3744 321 3814 porte
335 3744 352 3796 a
368 3741 465 3815 Spire,
481 3744 518 3796 ou
533 3742 553 3796 il
570 3753 641 3798 resta
655 3760 718 3799 sans
732 3743 889 3817 sepulture,
905 3746 919 3796 a
932 3759 1013 3796 cause
1025 3740 1060 3794 de
1076 3739 1144 3795 l’es·

94 3829 318 3884 communication
342 3829 412 3885 dont
436 3831 457 3884 il
480 3833 548 3887 etait
571 3833 678 3906 trappe.
705 3834 793 3888 Henri
820 3834 862 3900 V,
890 3851 939 3887 son
968 3847 1143 3902 successeur,
