<?xml version="1.0" encoding="UTF-8"?>
<!DOCTYPE html PUBLIC "-//W3C//DTD XHTML 1.0 Transitional//EN"
    "http://www.w3.org/TR/xhtml1/DTD/xhtml1-transitional.dtd">
<html xmlns="http://www.w3.org/1999/xhtml" xml:lang="en" lang="en">
 <head>
  <title>
</title>
<meta http-equiv="Content-Type" content="text/html;charset=utf-8" />
  <meta name='ocr-system' content='tesseract 3.04.00' />
  <meta name='ocr-capabilities' content='ocr_page ocr_carea ocr_par ocr_line ocrx_word'/>
</head>
<body>
  <div class='ocr_page' id='page_1' title='image "./ordericivitalis07deligoog/ordericivitalis07deligoog_0122.png"; bbox 0 0 3178 5052; ppageno 0'>
   <div class='ocr_carea' id='block_1_1' title="bbox 189 515 1254 596">
    <p class='ocr_par' dir='ltr' id='par_1_1' title="bbox 189 515 1254 596">
     <span class='ocr_line' id='line_1_1' title="bbox 189 515 1254 596; baseline 0 -19"><span class='ocrx_word' id='word_1_1' title='bbox 189 520 300 596; x_wconf 81' lang='lat' dir='ltr'><strong>[nor]</strong></span> <span class='ocrx_word' id='word_1_2' title='bbox 557 515 675 577; x_wconf 78' lang='lat' dir='ltr'><strong>arasa</strong></span> <span class='ocrx_word' id='word_1_3' title='bbox 696 515 882 578; x_wconf 78' lang='lat' dir='ltr'><strong>necinus.</strong></span> <span class='ocrx_word' id='word_1_4' title='bbox 1194 517 1254 577; x_wconf 80' lang='lat'><strong>109</strong></span> 
     </span>
    </p>
   </div>
   <div class='ocr_carea' id='block_1_2' title="bbox 192 647 1263 3534">
    <p class='ocr_par' dir='ltr' id='par_1_2' title="bbox 192 647 1263 3534">
     <span class='ocr_line' id='line_1_2' title="bbox 192 647 1252 748; baseline -0.002 -26"><span class='ocrx_word' id='word_1_5' title='bbox 192 675 264 748; x_wconf 93' lang='lat' dir='ltr'><strong>que</strong></span> <span class='ocrx_word' id='word_1_6' title='bbox 288 647 516 748; x_wconf 87' lang='lat' dir='ltr'><strong>splendidum</strong></span> <span class='ocrx_word' id='word_1_7' title='bbox 539 649 624 738; x_wconf 92' lang='lat' dir='ltr'><strong>sibi,</strong></span> <span class='ocrx_word' id='word_1_8' title='bbox 651 651 794 748; x_wconf 92' lang='lat' dir='ltr'><strong>suisque</strong></span> <span class='ocrx_word' id='word_1_9' title='bbox 814 648 1020 722; x_wconf 81' lang='lat' dir='ltr'><strong>custodibus</strong></span> <span class='ocrx_word' id='word_1_10' title='bbox 1048 649 1252 722; x_wconf 87' lang='lat' dir='ltr'><strong>convivium</strong></span> 
     </span>
     <span class='ocr_line' id='line_1_3' title="bbox 192 763 1255 865; baseline -0.004 -27"><span class='ocrx_word' id='word_1_11' title='bbox 192 764 351 838; x_wconf 83' lang='lat' dir='ltr'><strong>exbiberi</strong></span> <span class='ocrx_word' id='word_1_12' title='bbox 371 763 531 862; x_wconf 86' lang='lat' dir='ltr'><strong>jubebat.</strong></span> <span class='ocrx_word' id='word_1_13' title='bbox 557 765 722 856; x_wconf 86' lang='lat' dir='ltr'><strong>Quadam</strong></span> <span class='ocrx_word' id='word_1_14' title='bbox 740 765 798 839; x_wconf 90' lang='lat' dir='ltr'><strong>die</strong></span> <span class='ocrx_word' id='word_1_15' title='bbox 819 768 856 839; x_wconf 90' lang='lat' dir='ltr'><strong>iu</strong></span> <span class='ocrx_word' id='word_1_16' title='bbox 879 767 1004 865; x_wconf 89' lang='lat' dir='ltr'><strong>lagena</strong></span> <span class='ocrx_word' id='word_1_17' title='bbox 1022 765 1093 836; x_wconf 89' lang='lat' dir='ltr'><strong>vini</strong></span> <span class='ocrx_word' id='word_1_18' title='bbox 1113 763 1206 836; x_wconf 89' lang='lat' dir='ltr'><strong>funis</strong></span> <span class='ocrx_word' id='word_1_19' title='bbox 1223 765 1255 834; x_wconf 89' lang='lat' dir='ltr'><strong>ei</strong></span> 
     </span>
     <span class='ocr_line' id='line_1_4' title="bbox 193 879 1256 981; baseline -0.003 -28"><span class='ocrx_word' id='word_1_20' title='bbox 193 881 332 954; x_wconf 88' lang='lat' dir='ltr'><strong>delatus</strong></span> <span class='ocrx_word' id='word_1_21' title='bbox 354 897 422 973; x_wconf 92' lang='lat' dir='ltr'><strong>est,</strong></span> <span class='ocrx_word' id='word_1_22' title='bbox 452 897 487 954; x_wconf 86' lang='lat' dir='ltr'><strong>et</strong></span> <span class='ocrx_word' id='word_1_23' title='bbox 506 883 672 981; x_wconf 90' lang='lat' dir='ltr'><strong>copiosus</strong></span> <span class='ocrx_word' id='word_1_24' title='bbox 694 883 848 954; x_wconf 86' lang='lat' dir='ltr'><strong>convivii</strong></span> <span class='ocrx_word' id='word_1_25' title='bbox 865 894 1053 980; x_wconf 88' lang='lat' dir='ltr'><strong>apparatus</strong></span> <span class='ocrx_word' id='word_1_26' title='bbox 1070 879 1256 976; x_wconf 81' lang='lat' dir='ltr'><strong>largitione</strong></span> 
     </span>
     <span class='ocr_line' id='line_1_5' title="bbox 192 995 1253 1097; baseline -0.004 -28"><span class='ocrx_word' id='word_1_27' title='bbox 192 997 352 1097; x_wconf 86' lang='lat' dir='ltr'><strong>praesulis</strong></span> <span class='ocrx_word' id='word_1_28' title='bbox 371 1013 536 1096; x_wconf 89' lang='lat' dir='ltr'><strong>erogatus</strong></span> <span class='ocrx_word' id='word_1_29' title='bbox 555 1013 619 1069; x_wconf 90' lang='lat' dir='ltr'><strong>est.</strong></span> <span class='ocrx_word' id='word_1_30' title='bbox 646 997 821 1070; x_wconf 87' lang='lat' dir='ltr'><strong>Custodes</strong></span> <span class='ocrx_word' id='word_1_31' title='bbox 840 1021 924 1068; x_wconf 92' lang='lat' dir='ltr'><strong>cum</strong></span> <span class='ocrx_word' id='word_1_32' title='bbox 942 1021 986 1068; x_wconf 91' lang='lat' dir='ltr'><strong>eo</strong></span> <span class='ocrx_word' id='word_1_33' title='bbox 1006 995 1253 1082; x_wconf 89' lang='lat' dir='ltr'><strong>comederunt,</strong></span> 
     </span>
     <span class='ocr_line' id='line_1_6' title="bbox 192 1108 1257 1198; baseline -0.003 -13"><span class='ocrx_word' id='word_1_34' title='bbox 192 1128 230 1185; x_wconf 91' lang='lat' dir='ltr'><strong>et</strong></span> <span class='ocrx_word' id='word_1_35' title='bbox 242 1112 394 1185; x_wconf 88' lang='lat' dir='ltr'><strong>Falerno</strong></span> <span class='ocrx_word' id='word_1_36' title='bbox 410 1113 564 1186; x_wconf 92' lang='lat' dir='ltr'><strong>ubertim</strong></span> <span class='ocrx_word' id='word_1_37' title='bbox 581 1111 711 1186; x_wconf 90' lang='lat' dir='ltr'><strong>hausto</strong></span> <span class='ocrx_word' id='word_1_38' title='bbox 729 1112 912 1186; x_wconf 77' lang='lat' dir='ltr'><strong>exhilarati</strong></span> <span class='ocrx_word' id='word_1_39' title='bbox 928 1125 1023 1184; x_wconf 89' lang='lat' dir='ltr'><strong>sunt.</strong></span> <span class='ocrx_word' id='word_1_40' title='bbox 1044 1108 1182 1198; x_wconf 86' lang='lat' dir='ltr'>Quibus</span> <span class='ocrx_word' id='word_1_41' title='bbox 1198 1109 1257 1182; x_wconf 87' lang='lat' dir='ltr'><strong>ad·</strong></span> 
     </span>
     <span class='ocr_line' id='line_1_7' title="bbox 193 1227 1257 1326; baseline -0.005 -24"><span class='ocrx_word' id='word_1_42' title='bbox 193 1229 345 1302; x_wconf 90' lang='lat' dir='ltr'><strong>modum</strong></span> <span class='ocrx_word' id='word_1_43' title='bbox 371 1229 554 1303; x_wconf 92' lang='lat' dir='ltr'><strong>inebriatis</strong></span> <span class='ocrx_word' id='word_1_44' title='bbox 582 1245 617 1303; x_wconf 91' lang='lat' dir='ltr'><strong>et</strong></span> <span class='ocrx_word' id='word_1_45' title='bbox 642 1255 766 1303; x_wconf 88' lang='lat' dir='ltr'><strong>secure</strong></span> <span class='ocrx_word' id='word_1_46' title='bbox 793 1228 1040 1318; x_wconf 68' lang='lat' dir='ltr'><strong>stertentibus,</strong></span> <span class='ocrx_word' id='word_1_47' title='bbox 1069 1227 1257 1326; x_wconf 92' lang='lat' dir='ltr'><strong>episcopus</strong></span> 
     </span>
     <span class='ocr_line' id='line_1_8' title="bbox 194 1342 1255 1443; baseline -0.001 -28"><span class='ocrx_word' id='word_1_48' title='bbox 194 1343 318 1416; x_wconf 91' lang='lat' dir='ltr'><strong>funem</strong></span> <span class='ocrx_word' id='word_1_49' title='bbox 330 1345 376 1416; x_wconf 93' lang='lat' dir='ltr'><strong>ad</strong></span> <span class='ocrx_word' id='word_1_50' title='bbox 389 1345 609 1436; x_wconf 88' lang='lat' dir='ltr'><strong>columnam,</strong></span> <span class='ocrx_word' id='word_1_51' title='bbox 624 1371 702 1443; x_wconf 87' lang='lat' dir='ltr'><strong>quae</strong></span> <span class='ocrx_word' id='word_1_52' title='bbox 713 1346 750 1416; x_wconf 96' lang='lat' dir='ltr'><strong>in</strong></span> <span class='ocrx_word' id='word_1_53' title='bbox 759 1345 880 1418; x_wconf 88' lang='lat' dir='ltr'><strong>medio</strong></span> <span class='ocrx_word' id='word_1_54' title='bbox 894 1345 1058 1416; x_wconf 78' lang='lat' dir='ltr'><strong>fenestrae</strong></span> <span class='ocrx_word' id='word_1_55' title='bbox 1067 1342 1157 1414; x_wconf 88' lang='lat' dir='ltr'><strong>arcis</strong></span> <span class='ocrx_word' id='word_1_56' title='bbox 1168 1357 1255 1432; x_wconf 89' lang='lat' dir='ltr'><strong>erat,</strong></span> 
     </span>
     <span class='ocr_line' id='line_1_9' title="bbox 192 1461 1260 1561; baseline -0.003 -30"><span class='ocrx_word' id='word_1_57' title='bbox 192 1462 390 1560; x_wconf 86' lang='lat' dir='ltr'><strong>coaptavit,</strong></span> <span class='ocrx_word' id='word_1_58' title='bbox 412 1476 447 1532; x_wconf 93' lang='lat' dir='ltr'><strong>et</strong></span> <span class='ocrx_word' id='word_1_59' title='bbox 461 1461 629 1533; x_wconf 88' lang='lat' dir='ltr'><strong>baculum</strong></span> <span class='ocrx_word' id='word_1_60' title='bbox 644 1461 859 1561; x_wconf 88' lang='lat' dir='ltr'><strong>pastoralem</strong></span> <span class='ocrx_word' id='word_1_61' title='bbox 873 1485 996 1533; x_wconf 90' lang='lat' dir='ltr'><strong>secum</strong></span> <span class='ocrx_word' id='word_1_62' title='bbox 1012 1483 1173 1548; x_wconf 90' lang='lat' dir='ltr'><strong>sumens,</strong></span> <span class='ocrx_word' id='word_1_63' title='bbox 1194 1482 1260 1556; x_wconf 90' lang='lat' dir='ltr'><strong>per</strong></span> 
     </span>
     <span class='ocr_line' id='line_1_10' title="bbox 193 1573 1261 1675; baseline -0.004 -29"><span class='ocrx_word' id='word_1_64' title='bbox 193 1575 317 1647; x_wconf 87' lang='lat' dir='ltr'><strong>funem</strong></span> <span class='ocrx_word' id='word_1_65' title='bbox 331 1576 528 1648; x_wconf 87' lang='lat' dir='ltr'><strong>descendit.</strong></span> <span class='ocrx_word' id='word_1_66' title='bbox 551 1582 695 1668; x_wconf 91' lang='lat' dir='ltr'><strong>Verum,</strong></span> <span class='ocrx_word' id='word_1_67' title='bbox 712 1578 796 1675; x_wconf 89' lang='lat' dir='ltr'><strong>quia</strong></span> <span class='ocrx_word' id='word_1_68' title='bbox 810 1603 938 1649; x_wconf 90' lang='lat' dir='ltr'><strong>manus</strong></span> <span class='ocrx_word' id='word_1_69' title='bbox 955 1601 1037 1648; x_wconf 93' lang='lat' dir='ltr'><strong>suas</strong></span> <span class='ocrx_word' id='word_1_70' title='bbox 1056 1573 1186 1647; x_wconf 89' lang='lat' dir='ltr'><strong>oblitus</strong></span> <span class='ocrx_word' id='word_1_71' title='bbox 1195 1573 1261 1644; x_wconf 91' lang='lat' dir='ltr'><strong>fuit</strong></span> 
     </span>
     <span class='ocr_line' id='line_1_11' title="bbox 194 1692 1260 1794; baseline -0.005 -28"><span class='ocrx_word' id='word_1_72' title='bbox 194 1692 383 1766; x_wconf 89' lang='lat' dir='ltr'><strong>cirothecis</strong></span> <span class='ocrx_word' id='word_1_73' title='bbox 395 1693 601 1784; x_wconf 85' lang='lat' dir='ltr'><strong>obvolvere,</strong></span> <span class='ocrx_word' id='word_1_74' title='bbox 618 1720 731 1794; x_wconf 90' lang='lat' dir='ltr'><strong>usque</strong></span> <span class='ocrx_word' id='word_1_75' title='bbox 744 1694 791 1768; x_wconf 90' lang='lat' dir='ltr'><strong>ad</strong></span> <span class='ocrx_word' id='word_1_76' title='bbox 802 1719 844 1768; x_wconf 90' lang='lat' dir='ltr'><strong>os</strong></span> <span class='ocrx_word' id='word_1_77' title='bbox 857 1696 1042 1766; x_wconf 82' lang='lat' dir='ltr'><strong>excoriatae</strong></span> <span class='ocrx_word' id='word_1_78' title='bbox 1059 1706 1143 1765; x_wconf 91' lang='lat' dir='ltr'><strong>sunt</strong></span> <span class='ocrx_word' id='word_1_79' title='bbox 1159 1692 1260 1762; x_wconf 90' lang='lat' dir='ltr'><strong>restis</strong></span> 
     </span>
     <span class='ocr_line' id='line_1_12' title="bbox 193 1807 1257 1908; baseline -0.003 -28"><span class='ocrx_word' id='word_1_80' title='bbox 193 1807 417 1900; x_wconf 81' lang='lat' dir='ltr'><strong>scabredine,</strong></span> <span class='ocrx_word' id='word_1_81' title='bbox 437 1824 485 1900; x_wconf 89' lang='lat' dir='ltr'><strong>et,</strong></span> <span class='ocrx_word' id='word_1_82' title='bbox 505 1809 588 1882; x_wconf 88' lang='lat' dir='ltr'><strong>fune</strong></span> <span class='ocrx_word' id='word_1_83' title='bbox 602 1810 648 1882; x_wconf 88' lang='lat' dir='ltr'><strong>ad</strong></span> <span class='ocrx_word' id='word_1_84' title='bbox 661 1811 779 1882; x_wconf 91' lang='lat' dir='ltr'><strong>solum</strong></span> <span class='ocrx_word' id='word_1_85' title='bbox 796 1835 909 1908; x_wconf 90' lang='lat' dir='ltr'><strong>usque</strong></span> <span class='ocrx_word' id='word_1_86' title='bbox 926 1833 1001 1880; x_wconf 92' lang='lat' dir='ltr'><strong>non</strong></span> <span class='ocrx_word' id='word_1_87' title='bbox 1022 1807 1257 1908; x_wconf 83' lang='lat' dir='ltr'><strong>pertingente,</strong></span> 
     </span>
     <span class='ocr_line' id='line_1_13' title="bbox 194 1924 1261 2026; baseline -0.003 -29"><span class='ocrx_word' id='word_1_88' title='bbox 194 1925 293 2022; x_wconf 86' lang='lat' dir='ltr'><strong>gravi</strong></span> <span class='ocrx_word' id='word_1_89' title='bbox 311 1924 410 2025; x_wconf 93' lang='lat' dir='ltr'><strong>lapsu</strong></span> <span class='ocrx_word' id='word_1_90' title='bbox 428 1927 659 2026; x_wconf 90' lang='lat' dir='ltr'><strong>corpulentus</strong></span> <span class='ocrx_word' id='word_1_91' title='bbox 670 1927 816 1999; x_wconf 87' lang='lat' dir='ltr'><strong>Flamen</strong></span> <span class='ocrx_word' id='word_1_92' title='bbox 829 1929 919 2016; x_wconf 88' lang='lat' dir='ltr'><strong>ruit,</strong></span> <span class='ocrx_word' id='word_1_93' title='bbox 935 1941 971 1999; x_wconf 91' lang='lat' dir='ltr'><strong>et</strong></span> <span class='ocrx_word' id='word_1_94' title='bbox 982 1949 1075 2025; x_wconf 91' lang='lat' dir='ltr'><strong>pene</strong></span> <span class='ocrx_word' id='word_1_95' title='bbox 1087 1947 1261 2021; x_wconf 90' lang='lat' dir='ltr'><strong>conquas·</strong></span> 
     </span>
     <span class='ocr_line' id='line_1_14' title="bbox 194 2039 1261 2141; baseline 0.002 -31"><span class='ocrx_word' id='word_1_96' title='bbox 194 2055 304 2131; x_wconf 90' lang='lat' dir='ltr'><strong>satus,</strong></span> <span class='ocrx_word' id='word_1_97' title='bbox 322 2041 486 2114; x_wconf 87' lang='lat' dir='ltr'><strong>flebiliter</strong></span> <span class='ocrx_word' id='word_1_98' title='bbox 502 2044 687 2140; x_wconf 86' lang='lat' dir='ltr'><strong>ingemuit.</strong></span> <span class='ocrx_word' id='word_1_99' title='bbox 702 2042 839 2115; x_wconf 84' lang='lat' dir='ltr'><strong>Fideles</strong></span> <span class='ocrx_word' id='word_1_100' title='bbox 857 2043 963 2115; x_wconf 90' lang='lat' dir='ltr'><strong>amici</strong></span> <span class='ocrx_word' id='word_1_101' title='bbox 977 2043 1053 2139; x_wconf 90' lang='lat' dir='ltr'><strong>ejus</strong></span> <span class='ocrx_word' id='word_1_102' title='bbox 1070 2058 1105 2115; x_wconf 98' lang='lat' dir='ltr'><strong>et</strong></span> <span class='ocrx_word' id='word_1_103' title='bbox 1118 2039 1261 2141; x_wconf 89' lang='lat' dir='ltr'><strong>probati</strong></span> 
     </span>
     <span class='ocr_line' id='line_1_15' title="bbox 194 2155 1261 2258; baseline 0 -32"><span class='ocrx_word' id='word_1_104' title='bbox 194 2155 363 2230; x_wconf 82' lang='lat' dir='ltr'><strong>satellites</strong></span> <span class='ocrx_word' id='word_1_105' title='bbox 381 2157 427 2230; x_wconf 90' lang='lat' dir='ltr'><strong>ad</strong></span> <span class='ocrx_word' id='word_1_106' title='bbox 444 2158 575 2256; x_wconf 89' lang='lat' dir='ltr'><strong>pedem</strong></span> <span class='ocrx_word' id='word_1_107' title='bbox 597 2161 705 2232; x_wconf 88' lang='lat' dir='ltr'><strong>turris</strong></span> <span class='ocrx_word' id='word_1_108' title='bbox 721 2157 976 2258; x_wconf 87' lang='lat' dir='ltr'><strong>expectabant,</strong></span> <span class='ocrx_word' id='word_1_109' title='bbox 990 2158 1070 2254; x_wconf 91' lang='lat' dir='ltr'><strong>qui,</strong></span> <span class='ocrx_word' id='word_1_110' title='bbox 1090 2181 1165 2228; x_wconf 91' lang='lat' dir='ltr'><strong>uon</strong></span> <span class='ocrx_word' id='word_1_111' title='bbox 1184 2155 1261 2228; x_wconf 87' lang='lat' dir='ltr'><strong>siue</strong></span> 
     </span>
     <span class='ocr_line' id='line_1_16' title="bbox 195 2272 1261 2374; baseline -0.003 -31"><span class='ocrx_word' id='word_1_112' title='bbox 195 2272 325 2345; x_wconf 89' lang='lat' dir='ltr'><strong>timore</strong></span> <span class='ocrx_word' id='word_1_113' title='bbox 347 2297 496 2371; x_wconf 89' lang='lat' dir='ltr'><strong>magno,</strong></span> <span class='ocrx_word' id='word_1_114' title='bbox 517 2272 651 2347; x_wconf 87' lang='lat' dir='ltr'><strong>ibidem</strong></span> <span class='ocrx_word' id='word_1_115' title='bbox 668 2277 701 2347; x_wconf 88' lang='lat' dir='ltr'><strong>ei</strong></span> <span class='ocrx_word' id='word_1_116' title='bbox 718 2277 875 2374; x_wconf 92' lang='lat' dir='ltr'><strong>optimos</strong></span> <span class='ocrx_word' id='word_1_117' title='bbox 891 2273 1104 2372; x_wconf 89' lang='lat' dir='ltr'><strong>cornipedes</strong></span> <span class='ocrx_word' id='word_1_118' title='bbox 1126 2293 1261 2370; x_wconf 77' lang='lat' dir='ltr'><strong>pracpa-</strong></span> 
     </span>
     <span class='ocr_line' id='line_1_17' title="bbox 194 2387 1259 2488; baseline -0.004 -27"><span class='ocrx_word' id='word_1_119' title='bbox 194 2405 360 2462; x_wconf 88' lang='lat' dir='ltr'><strong>raverant</strong></span> <span class='ocrx_word' id='word_1_120' title='bbox 388 2389 454 2488; x_wconf 81' lang='lat' dir='ltr'><strong>(t).</strong></span> <span class='ocrx_word' id='word_1_121' title='bbox 477 2391 616 2478; x_wconf 88' lang='lat' dir='ltr'><strong>Quibus</strong></span> <span class='ocrx_word' id='word_1_122' title='bbox 640 2394 811 2483; x_wconf 88' lang='lat' dir='ltr'><strong>ascensis,</strong></span> <span class='ocrx_word' id='word_1_123' title='bbox 839 2391 899 2463; x_wconf 92' lang='lat' dir='ltr'><strong>ille</strong></span> <span class='ocrx_word' id='word_1_124' title='bbox 920 2389 1091 2462; x_wconf 88' lang='lat' dir='ltr'><strong>velociter</strong></span> <span class='ocrx_word' id='word_1_125' title='bbox 1111 2387 1259 2484; x_wconf 84' lang='lat' dir='ltr'><strong>aufugit,</strong></span> 
     </span>
     <span class='ocr_line' id='line_1_18' title="bbox 195 2502 1259 2585; baseline -0.003 -9"><span class='ocrx_word' id='word_1_126' title='bbox 195 2517 231 2576; x_wconf 88' lang='lat' dir='ltr'><strong>et</strong></span> <span class='ocrx_word' id='word_1_127' title='bbox 257 2505 349 2579; x_wconf 78' lang='lat' dir='ltr'><strong>fidos</strong></span> <span class='ocrx_word' id='word_1_128' title='bbox 379 2508 528 2579; x_wconf 87' lang='lat' dir='ltr'><strong>comites</strong></span> <span class='ocrx_word' id='word_1_129' title='bbox 551 2533 635 2580; x_wconf 90' lang='lat' dir='ltr'><strong>cum</strong></span> <span class='ocrx_word' id='word_1_130' title='bbox 657 2508 826 2580; x_wconf 89' lang='lat' dir='ltr'><strong>thesauro</strong></span> <span class='ocrx_word' id='word_1_131' title='bbox 850 2531 916 2578; x_wconf 93' lang='lat' dir='ltr'><strong>suo</strong></span> <span class='ocrx_word' id='word_1_132' title='bbox 940 2505 1084 2578; x_wconf 90' lang='lat' dir='ltr'><strong>obviam</strong></span> <span class='ocrx_word' id='word_1_133' title='bbox 1109 2502 1259 2585; x_wconf 88' lang='lat' dir='ltr'><strong>habuit,</strong></span> 
     </span>
     <span class='ocr_line' id='line_1_19' title="bbox 195 2617 1263 2720; baseline -0.003 -29"><span class='ocrx_word' id='word_1_134' title='bbox 195 2643 279 2692; x_wconf 92' lang='lat' dir='ltr'><strong>cum</strong></span> <span class='ocrx_word' id='word_1_135' title='bbox 302 2622 432 2720; x_wconf 93' lang='lat' dir='ltr'><strong>quibus</strong></span> <span class='ocrx_word' id='word_1_136' title='bbox 454 2624 491 2694; x_wconf 92' lang='lat' dir='ltr'><strong>in</strong></span> <span class='ocrx_word' id='word_1_137' title='bbox 518 2625 777 2697; x_wconf 90' lang='lat' dir='ltr'><strong>Normanuiam</strong></span> <span class='ocrx_word' id='word_1_138' title='bbox 802 2624 1011 2696; x_wconf 81' lang='lat' dir='ltr'><strong>festinanter</strong></span> <span class='ocrx_word' id='word_1_139' title='bbox 1033 2621 1080 2693; x_wconf 93' lang='lat' dir='ltr'><strong>ad</strong></span> <span class='ocrx_word' id='word_1_140' title='bbox 1103 2617 1263 2691; x_wconf 84' lang='lat' dir='ltr'><strong>Rodber-</strong></span> 
     </span>
     <span class='ocr_line' id='line_1_20' title="bbox 195 2735 1261 2836; baseline -0.001 -31"><span class='ocrx_word' id='word_1_141' title='bbox 195 2749 273 2806; x_wconf 91' lang='lat' dir='ltr'><strong>tum</strong></span> <span class='ocrx_word' id='word_1_142' title='bbox 301 2736 432 2810; x_wconf 91' lang='lat' dir='ltr'><strong>ducem</strong></span> <span class='ocrx_word' id='word_1_143' title='bbox 457 2740 650 2836; x_wconf 88' lang='lat' dir='ltr'><strong>navigavit.</strong></span> <span class='ocrx_word' id='word_1_144' title='bbox 677 2743 790 2812; x_wconf 85' lang='lat' dir='ltr'><strong>Mater</strong></span> <span class='ocrx_word' id='word_1_145' title='bbox 817 2763 904 2810; x_wconf 87' lang='lat' dir='ltr'><strong>vero</strong></span> <span class='ocrx_word' id='word_1_146' title='bbox 928 2735 1151 2825; x_wconf 88' lang='lat' dir='ltr'><strong>Flambardi,</strong></span> <span class='ocrx_word' id='word_1_147' title='bbox 1182 2757 1261 2830; x_wconf 85' lang='lat' dir='ltr'><strong>quae</strong></span> 
     </span>
     <span class='ocr_line' id='line_1_21' title="bbox 194 2851 1261 2950; baseline -0.005 -28"><span class='ocrx_word' id='word_1_148' title='bbox 194 2851 361 2950; x_wconf 87' lang='lat' dir='ltr'><strong>sortilega</strong></span> <span class='ocrx_word' id='word_1_149' title='bbox 392 2869 487 2944; x_wconf 90' lang='lat' dir='ltr'><strong>erat,</strong></span> <span class='ocrx_word' id='word_1_150' title='bbox 516 2869 553 2927; x_wconf 91' lang='lat' dir='ltr'><strong>et</strong></span> <span class='ocrx_word' id='word_1_151' title='bbox 579 2879 664 2927; x_wconf 89' lang='lat' dir='ltr'><strong>cum</strong></span> <span class='ocrx_word' id='word_1_152' title='bbox 690 2855 855 2928; x_wconf 85' lang='lat' dir='ltr'><strong>daemone</strong></span> <span class='ocrx_word' id='word_1_153' title='bbox 885 2853 1014 2925; x_wconf 91' lang='lat' dir='ltr'><strong>crebro</strong></span> <span class='ocrx_word' id='word_1_154' title='bbox 1042 2851 1185 2938; x_wconf 91' lang='lat' dir='ltr'><strong>locuta,</strong></span> <span class='ocrx_word' id='word_1_155' title='bbox 1219 2873 1261 2918; x_wconf 88' lang='lat' dir='ltr'><strong>ex</strong></span> 
     </span>
     <span class='ocr_line' id='line_1_22' title="bbox 194 2964 1259 3061; baseline -0.003 -25"><span class='ocrx_word' id='word_1_156' title='bbox 194 2965 296 3061; x_wconf 87' lang='lat' dir='ltr'><strong>cujus</strong></span> <span class='ocrx_word' id='word_1_157' title='bbox 318 2966 451 3040; x_wconf 87' lang='lat' dir='ltr'><strong>nefaria</strong></span> <span class='ocrx_word' id='word_1_158' title='bbox 468 2968 705 3042; x_wconf 84' lang='lat' dir='ltr'><strong>familiaritate</strong></span> <span class='ocrx_word' id='word_1_159' title='bbox 721 2995 836 3044; x_wconf 91' lang='lat' dir='ltr'><strong>unum</strong></span> <span class='ocrx_word' id='word_1_160' title='bbox 855 2967 1001 3041; x_wconf 91' lang='lat' dir='ltr'><strong>oculum</strong></span> <span class='ocrx_word' id='word_1_161' title='bbox 1020 2965 1203 3052; x_wconf 88' lang='lat' dir='ltr'><strong>amiserat,</strong></span> <span class='ocrx_word' id='word_1_162' title='bbox 1223 2964 1259 3033; x_wconf 92' lang='lat' dir='ltr'><strong>in</strong></span> 
     </span>
     <span class='ocr_line' id='line_1_23' title="bbox 195 3080 1261 3185; baseline -0.003 -33"><span class='ocrx_word' id='word_1_163' title='bbox 195 3081 263 3153; x_wconf 93' lang='lat' dir='ltr'><strong>alia</strong></span> <span class='ocrx_word' id='word_1_164' title='bbox 274 3108 366 3156; x_wconf 86' lang='lat' dir='ltr'><strong>nave</strong></span> <span class='ocrx_word' id='word_1_165' title='bbox 376 3109 459 3156; x_wconf 92' lang='lat' dir='ltr'><strong>cum</strong></span> <span class='ocrx_word' id='word_1_166' title='bbox 471 3085 534 3156; x_wconf 86' lang='lat' dir='ltr'><strong>frlii</strong></span> <span class='ocrx_word' id='word_1_167' title='bbox 545 3083 1006 3185; x_wconf 88' lang='lat' dir='ltr'><strong>thesaurosuiperpelagus</strong></span> <span class='ocrx_word' id='word_1_168' title='bbox 1015 3083 1051 3152; x_wconf 95' lang='lat' dir='ltr'><strong>in</strong></span> <span class='ocrx_word' id='word_1_169' title='bbox 1061 3080 1261 3152; x_wconf 87' lang='lat' dir='ltr'><strong>Neustriam</strong></span> 
     </span>
     <span class='ocr_line' id='line_1_24' title="bbox 195 3195 1263 3300; baseline -0.004 -33"><span class='ocrx_word' id='word_1_170' title='bbox 195 3197 388 3291; x_wconf 89' lang='lat' dir='ltr'><strong>ferebatur,</strong></span> <span class='ocrx_word' id='word_1_171' title='bbox 410 3215 444 3274; x_wconf 90' lang='lat' dir='ltr'><strong>et</strong></span> <span class='ocrx_word' id='word_1_172' title='bbox 462 3225 483 3274; x_wconf 88' lang='lat' dir='ltr'><strong>a</strong></span> <span class='ocrx_word' id='word_1_173' title='bbox 499 3202 603 3273; x_wconf 93' lang='lat' dir='ltr'><strong>sociis</strong></span> <span class='ocrx_word' id='word_1_174' title='bbox 626 3201 764 3275; x_wconf 90' lang='lat' dir='ltr'><strong>ibidem</strong></span> <span class='ocrx_word' id='word_1_175' title='bbox 782 3225 850 3300; x_wconf 94' lang='lat' dir='ltr'><strong>pro</strong></span> <span class='ocrx_word' id='word_1_176' title='bbox 872 3197 1028 3271; x_wconf 88' lang='lat' dir='ltr'><strong>scelestis</strong></span> <span class='ocrx_word' id='word_1_177' title='bbox 1053 3195 1263 3266; x_wconf 88' lang='lat' dir='ltr'><strong>incantatio-</strong></span> 
     </span>
     <span class='ocr_line' id='line_1_25' title="bbox 193 3311 1258 3418; baseline -0.007 -30"><span class='ocrx_word' id='word_1_178' title='bbox 193 3315 300 3390; x_wconf 80' lang='lat' dir='ltr'><strong>nibus</strong></span> <span class='ocrx_word' id='word_1_179' title='bbox 329 3343 414 3390; x_wconf 89' lang='lat' dir='ltr'><strong>cum</strong></span> <span class='ocrx_word' id='word_1_180' title='bbox 440 3319 621 3392; x_wconf 89' lang='lat' dir='ltr'><strong>derisoriis</strong></span> <span class='ocrx_word' id='word_1_181' title='bbox 649 3319 804 3418; x_wconf 84' lang='lat' dir='ltr'><strong>gestibus</strong></span> <span class='ocrx_word' id='word_1_182' title='bbox 830 3317 962 3416; x_wconf 90' lang='lat' dir='ltr'><strong>passim</strong></span> <span class='ocrx_word' id='word_1_183' title='bbox 992 3311 1258 3387; x_wconf 86' lang='lat' dir='ltr'><strong>detrahebatur.</strong></span> 
     </span>
     <span class='ocr_line' id='line_1_26' title="bbox 194 3426 1261 3534; baseline -0.003 -36"><span class='ocrx_word' id='word_1_184' title='bbox 194 3433 333 3506; x_wconf 82' lang='lat' dir='ltr'><strong>Interea</strong></span> <span class='ocrx_word' id='word_1_185' title='bbox 352 3447 468 3505; x_wconf 91' lang='lat' dir='ltr'><strong>totum</strong></span> <span class='ocrx_word' id='word_1_186' title='bbox 485 3436 608 3534; x_wconf 90' lang='lat' dir='ltr'><strong>piratis</strong></span> <span class='ocrx_word' id='word_1_187' title='bbox 625 3432 896 3506; x_wconf 90' lang='lat' dir='ltr'><strong>occurrentibus</strong></span> <span class='ocrx_word' id='word_1_188' title='bbox 913 3433 949 3502; x_wconf 91' lang='lat' dir='ltr'><strong>in</strong></span> <span class='ocrx_word' id='word_1_189' title='bbox 967 3443 1082 3528; x_wconf 90' lang='lat' dir='ltr'><strong>ponto</strong></span> <span class='ocrx_word' id='word_1_190' title='bbox 1099 3426 1261 3500; x_wconf 76' lang='lat' dir='ltr'><strong>aerarium</strong></span> 
     </span>
    </p>
   </div>
   <div class='ocr_carea' id='block_1_3' title="bbox 194 3536 1262 3757">
    <p class='ocr_par' dir='ltr' id='par_1_3' title="bbox 194 3536 1262 3757">
     <span class='ocr_line' id='line_1_27' title="bbox 194 3536 1262 3640; baseline 0 -30"><span class='ocrx_word' id='word_1_191' title='bbox 194 3542 376 3639; x_wconf 88' lang='lat' dir='ltr'><strong>direptum</strong></span> <span class='ocrx_word' id='word_1_192' title='bbox 393 3559 459 3632; x_wconf 89' lang='lat' dir='ltr'><strong>est,</strong></span> <span class='ocrx_word' id='word_1_193' title='bbox 478 3561 513 3615; x_wconf 89' lang='lat' dir='ltr'><strong>et</strong></span> <span class='ocrx_word' id='word_1_194' title='bbox 524 3545 684 3618; x_wconf 89' lang='lat' dir='ltr'><strong>venefica</strong></span> <span class='ocrx_word' id='word_1_195' title='bbox 698 3569 782 3617; x_wconf 92' lang='lat' dir='ltr'><strong>cum</strong></span> <span class='ocrx_word' id='word_1_196' title='bbox 799 3543 975 3616; x_wconf 89' lang='lat' dir='ltr'><strong>naucleris</strong></span> <span class='ocrx_word' id='word_1_197' title='bbox 992 3557 1026 3614; x_wconf 93' lang='lat' dir='ltr'><strong>et</strong></span> <span class='ocrx_word' id='word_1_198' title='bbox 1041 3538 1192 3640; x_wconf 89' lang='lat' dir='ltr'><strong>epibatis</strong></span> <span class='ocrx_word' id='word_1_199' title='bbox 1207 3536 1262 3633; x_wconf 81' lang='lat'><strong>(2)</strong></span> 
     </span>
     <span class='ocr_line' id='line_1_28' title="bbox 195 3653 1261 3757; baseline -0.002 -32"><span class='ocrx_word' id='word_1_200' title='bbox 195 3677 284 3726; x_wconf 91' lang='lat' dir='ltr'><strong>anus</strong></span> <span class='ocrx_word' id='word_1_201' title='bbox 303 3654 419 3744; x_wconf 90' lang='lat' dir='ltr'><strong>nuda,</strong></span> <span class='ocrx_word' id='word_1_202' title='bbox 439 3681 665 3757; x_wconf 72' lang='lat' dir='ltr'><strong>moerensque</strong></span> <span class='ocrx_word' id='word_1_203' title='bbox 682 3661 719 3730; x_wconf 92' lang='lat' dir='ltr'><strong>in</strong></span> <span class='ocrx_word' id='word_1_204' title='bbox 737 3658 834 3731; x_wconf 88' lang='lat' dir='ltr'><strong>littus</strong></span> <span class='ocrx_word' id='word_1_205' title='bbox 853 3656 1082 3730; x_wconf 80' lang='lat' dir='ltr'><strong>Normauniae</strong></span> <span class='ocrx_word' id='word_1_206' title='bbox 1100 3653 1261 3752; x_wconf 83' lang='lat' dir='ltr'><strong>exposita</strong></span> 
     </span>
    </p>
   </div>
   <div class='ocr_carea' id='block_1_4' title="bbox 193 3989 1261 4336">
    <p class='ocr_par' dir='ltr' id='par_1_4' title="bbox 193 3989 1261 4160">
     <span class='ocr_line' id='line_1_29' title="bbox 228 3989 1261 4071; baseline -0.005 -22"><span class='ocrx_word' id='word_1_207' title='bbox 228 3995 254 4064; x_wconf 85' lang='lat' dir='ltr'><strong>(t</strong></span> <span class='ocrx_word' id='word_1_208' title='bbox 259 3997 269 4066; x_wconf 83' lang='lat' dir='ltr'>J</span> <span class='ocrx_word' id='word_1_209' title='bbox 288 3993 336 4050; x_wconf 91' lang='lat' dir='ltr'><strong>On</strong></span> <span class='ocrx_word' id='word_1_210' title='bbox 352 3996 422 4052; x_wconf 88' lang='lat' dir='ltr'><strong>n’est</strong></span> <span class='ocrx_word' id='word_1_211' title='bbox 434 4015 483 4070; x_wconf 80' lang='lat' dir='ltr'><strong>pas</strong></span> <span class='ocrx_word' id='word_1_212' title='bbox 493 4015 550 4052; x_wconf 89' lang='lat' dir='ltr'><strong>non</strong></span> <span class='ocrx_word' id='word_1_213' title='bbox 563 3998 626 4071; x_wconf 85' lang='lat' dir='ltr'><strong>plus</strong></span> <span class='ocrx_word' id='word_1_214' title='bbox 638 3997 768 4053; x_wconf 86' lang='lat' dir='ltr'><strong>d&#39;accord</strong></span> <span class='ocrx_word' id='word_1_215' title='bbox 781 4015 829 4052; x_wconf 87' lang='lat' dir='ltr'><strong>sur</strong></span> <span class='ocrx_word' id='word_1_216' title='bbox 841 3996 941 4068; x_wconf 84' lang='lat' dir='ltr'><strong>lejour</strong></span> <span class='ocrx_word' id='word_1_217' title='bbox 953 3995 989 4051; x_wconf 82' lang='lat' dir='ltr'><strong>de</strong></span> <span class='ocrx_word' id='word_1_218' title='bbox 1001 4005 1074 4050; x_wconf 87' lang='lat' dir='ltr'><strong>cette</strong></span> <span class='ocrx_word' id='word_1_219' title='bbox 1087 3992 1207 4047; x_wconf 74' lang='lat' dir='ltr'><strong>evasiou.</strong></span> <span class='ocrx_word' id='word_1_220' title='bbox 1221 3989 1261 4044; x_wconf 89' lang='lat' dir='ltr'><strong>Ce</strong></span> 
     </span>
     <span class='ocr_line' id='line_1_30' title="bbox 193 4081 1216 4160; baseline -0.001 -24"><span class='ocrx_word' id='word_1_221' title='bbox 193 4081 262 4158; x_wconf 87' lang='lat' dir='ltr'><strong>qn’il</strong></span> <span class='ocrx_word' id='word_1_222' title='bbox 276 4101 295 4155; x_wconf 82' lang='lat' dir='ltr'><strong>y</strong></span> <span class='ocrx_word' id='word_1_223' title='bbox 307 4101 321 4137; x_wconf 90' lang='lat' dir='ltr'><strong>a</strong></span> <span class='ocrx_word' id='word_1_224' title='bbox 335 4083 370 4138; x_wconf 89' lang='lat' dir='ltr'><strong>de</strong></span> <span class='ocrx_word' id='word_1_225' title='bbox 382 4086 505 4152; x_wconf 84' lang='lat' dir='ltr'><strong>certain,</strong></span> <span class='ocrx_word' id='word_1_226' title='bbox 517 4085 583 4141; x_wconf 82' lang='lat' dir='ltr'><strong>c&#39;est</strong></span> <span class='ocrx_word' id='word_1_227' title='bbox 597 4085 698 4160; x_wconf 87' lang='lat' dir='ltr'><strong>qa’clle</strong></span> <span class='ocrx_word' id='word_1_228' title='bbox 711 4096 760 4141; x_wconf 87' lang='lat' dir='ltr'><strong>eut</strong></span> <span class='ocrx_word' id='word_1_229' title='bbox 774 4085 831 4141; x_wconf 86' lang='lat' dir='ltr'><strong>lieu</strong></span> <span class='ocrx_word' id='word_1_230' title='bbox 844 4085 883 4140; x_wconf 92' lang='lat' dir='ltr'><strong>du</strong></span> <span class='ocrx_word' id='word_1_231' title='bbox 896 4090 935 4141; x_wconf 67' lang='grc'><strong>4”’</strong></span> <span class='ocrx_word' id='word_1_232' title='bbox 944 4103 980 4139; x_wconf 82' lang='lat' dir='ltr'><strong>uu</strong></span> <span class='ocrx_word' id='word_1_233' title='bbox 992 4086 1009 4144; x_wconf 82' lang='grc'><strong>4</strong></span> <span class='ocrx_word' id='word_1_234' title='bbox 1019 4083 1122 4138; x_wconf 73' lang='lat' dir='ltr'><strong>sevrier</strong></span> <span class='ocrx_word' id='word_1_235' title='bbox 1136 4085 1216 4136; x_wconf 83' lang='grc'><strong>4404.</strong></span> 
     </span>
    </p>

    <p class='ocr_par' dir='ltr' id='par_1_5' title="bbox 195 4166 1260 4336">
     <span class='ocr_line' id='line_1_31' title="bbox 228 4166 1260 4246; baseline -0.008 -18"><span class='ocrx_word' id='word_1_236' title='bbox 228 4171 266 4244; x_wconf 72' lang='lat'><strong>(2)</strong></span> <span class='ocrx_word' id='word_1_237' title='bbox 285 4171 421 4242; x_wconf 82' lang='lat' dir='ltr'><strong>Epibntoe</strong></span> <span class='ocrx_word' id='word_1_238' title='bbox 434 4176 523 4246; x_wconf 74' lang='lat' dir='ltr'><strong>par-ait</strong></span> <span class='ocrx_word' id='word_1_239' title='bbox 536 4173 668 4246; x_wconf 82' lang='lat' dir='ltr'><strong>de&#39;signer</strong></span> <span class='ocrx_word' id='word_1_240' title='bbox 680 4174 716 4229; x_wconf 90' lang='lat' dir='ltr'><strong>ici</strong></span> <span class='ocrx_word' id='word_1_241' title='bbox 728 4173 777 4229; x_wconf 92' lang='lat' dir='ltr'><strong>des</strong></span> <span class='ocrx_word' id='word_1_242' title='bbox 788 4175 917 4229; x_wconf 86' lang='lat' dir='ltr'><strong>hommes</strong></span> <span class='ocrx_word' id='word_1_243' title='bbox 928 4172 1005 4228; x_wconf 76' lang='lat' dir='ltr'><strong>lones</strong></span> <span class='ocrx_word' id='word_1_244' title='bbox 1018 4189 1090 4246; x_wconf 89' lang='lat' dir='ltr'><strong>pour</strong></span> <span class='ocrx_word' id='word_1_245' title='bbox 1102 4167 1221 4226; x_wconf 80' lang='lat' dir='ltr'><strong>reillerll</strong></span> <span class='ocrx_word' id='word_1_246' title='bbox 1235 4166 1260 4221; x_wconf 82' lang='lat' dir='ltr'><strong>la</strong></span> 
     </span>
     <span class='ocr_line' id='line_1_32' title="bbox 195 4259 949 4336; baseline 0.004 -22"><span class='ocrx_word' id='word_1_247' title='bbox 195 4259 279 4332; x_wconf 83' lang='lat' dir='ltr'><strong>garde</strong></span> <span class='ocrx_word' id='word_1_248' title='bbox 290 4259 328 4314; x_wconf 89' lang='lat' dir='ltr'><strong>du</strong></span> <span class='ocrx_word' id='word_1_249' title='bbox 342 4263 432 4317; x_wconf 75' lang='lat' dir='ltr'><strong>tresor</strong></span> <span class='ocrx_word' id='word_1_250' title='bbox 444 4262 480 4318; x_wconf 84' lang='lat' dir='ltr'><strong>dc</strong></span> <span class='ocrx_word' id='word_1_251' title='bbox 495 4262 614 4318; x_wconf 81' lang='lat' dir='ltr'><strong>llanulle</strong></span> <span class='ocrx_word' id='word_1_252' title='bbox 629 4263 752 4336; x_wconf 88' lang='lat' dir='ltr'><strong>pendant</strong></span> <span class='ocrx_word' id='word_1_253' title='bbox 764 4261 789 4318; x_wconf 83' lang='lat' dir='ltr'><strong>la</strong></span> <span class='ocrx_word' id='word_1_254' title='bbox 803 4265 949 4318; x_wconf 82' lang='lat' dir='ltr'><strong>traverse&#39;e.</strong></span> 
     </span>
    </p>
   </div>
   <div class='ocr_carea' id='block_1_5' title="bbox 0 0 1598 5052">
    <p class='ocr_par' dir='ltr' id='par_1_6' title="bbox 0 0 1598 5052">
     <span class='ocr_line' id='line_1_33' title="bbox 0 0 1598 5052; baseline 0 0"><span class='ocrx_word' id='word_1_255' title='bbox 0 0 1598 5052; x_wconf 95' lang='lat' dir='ltr'><strong> </strong></span> 
     </span>
    </p>
   </div>
  </div>
 </body>
</html>
