2888 4934
555 388 673 452 LIBER
693 388 935 453 uuuuctntts.
1215 398 1272 457 167

216 523 402 597 nominare
413 520 518 594 tedio
531 535 596 610 est,
611 546 687 612 rex,
702 548 786 594 cum
799 522 846 595 de
861 521 986 594 infimo
999 546 1129 619 genere
1142 540 1271 614 essent,

215 637 427 727 nobilitavit,
443 635 551 734 regali
562 638 772 711 auctoritate
788 638 834 711 de
849 639 922 710 imo
939 639 1061 728 erexit,
1076 639 1116 710 in
1136 640 1273 738 fastigio

215 767 431 854 potestatum
448 753 651 845 coustituit,
676 754 761 852 ipsis
779 754 886 829 etiam
903 755 1153 855 spectabilibus
1175 757 1275 853 regni

216 869 435 970 principibus
452 869 694 944 formidabiles
710 869 839 947 effecit.

259 989 328 1074 tu,
358 985 451 1065 nont
474 982 638 1058 fidelibus
662 984 855 1058 retributor
880 1001 955 1059 erat
977 984 1202 1083 magnificus,
1224 985 1275 1056 sic

215 1101 332 1176 infidis
346 1116 422 1175 erat
434 1101 653 1200 impacabilis
669 1102 845 1195 inimicus,
862 1119 899 1177 et
909 1106 967 1178 vix
980 1106 1055 1177 sine
1068 1101 1224 1175 vindicta
1237 1102 1275 1173 in

215 1241 384 1316 corpore,
408 1217 465 1290 vel
488 1216 644 1307 honore,
667 1217 725 1291 vel
747 1220 914 1317 pecunia,
935 1219 1141 1317 indulgebat
1157 1232 1275 1291 certos

215 1347 346 1407 reatus.
369 1338 447 1406 Hoc
468 1333 715 1407 miserabiliter
737 1336 790 1407 rei
813 1351 1018 1427 senserunt,
1046 1336 1110 1434 qui
1133 1335 1211 1432 ejus
1236 1333 1274 1404 in

214 1449 364 1523 vinculis
383 1451 520 1523 mortui
543 1465 648 1540 sunt,
672 1474 742 1524 nec
763 1477 832 1551 pro
854 1453 1182 1550 consanguinitate,
1211 1472 1275 1523 seu

213 1564 400 1638 nobilitate
417 1566 568 1663 generis,
586 1566 661 1639 sive
675 1568 1005 1666 recompensatione
1021 1566 1272 1666 pecuniarum,

214 1679 343 1753 redimi
364 1694 570 1779 potuerunt.
596 1680 817 1754 Rodbertum
840 1681 884 1754 de
906 1681 1131 1754 Pontelracto
1147 1679 1219 1776 (l),
1240 1693 1276 1751 et

214 1794 436 1869 Rodhertum
455 1793 627 1869 Maletum
646 1796 784 1894 placitis
804 1797 996 1895 impetivit,
1017 1810 1052 1868 et
1075 1792 1275 1867 honoribus

214 1909 429 2009 exspoliatos
443 1925 601 1984 extorres
617 1911 762 2009 expulit.
783 1917 930 1984 lvonem
944 1911 999 2007 (2)
1016 1935 1174 2009 quoque,
1190 1911 1275 2007 quia

213 2047 380 2119 galerum
391 2025 429 2098 in
442 2024 568 2122 buglis
581 2041 751 2126 eoeperat,
767 2042 802 2099 et
813 2026 1013 2100 vicinorum
1028 2050 1111 2098 rura
1125 2049 1276 2097 suorum

211 2139 380 2214 incendio
405 2139 649 2215 combusserat
672 2142 794 2239 (quod
819 2142 857 2215 in
884 2142 944 2214 illa
969 2143 1113 2240 regione
1137 2142 1273 2215 crimen

210 2362 340 2437 Angls'c„
353 2375 377 2421 t.
390 2367 419 2436 1,
433 2384 463 2440 p.
476 2371 524 2424 581
535 2370 554 2440 l,
568 2369 632 2442 puis
643 2367 766 2438 Robcrt,
782 2369 824 2424 fils
836 2369 968 2425 d’Anrrai
978 2369 1014 2424 de
1024 2368 1141 2436 Falsisc,
1155 2369 1213 2422 l'un
1226 2368 1274 2424 des
1393 2434 1397 2443 ἢ

210 2450 393 2509 lu'enlaiteurs
411 2453 446 2510 de
462 2456 653 2521 Nono-llam
669 2456 705 2512 de
722 2445 1065 2527 SaintssPierresnr-Dive,
1086 2459 1141 2513 cite
1160 2457 1228 2512 daus
1248 2455 1275 2510 la

186 2520 307 2602 ‘barte
318 2539 356 2597 de
368 2542 458 2599 Henri
471 2545 507 2598 1²*
518 2564 553 2600 en
565 2546 660 2601 saveur
671 2544 706 2600 de
719 2556 791 2602 cette
803 2545 916 2620 abbaye.

234 2627 361 2703 -Guigan
376 2630 478 2704 Algsso
494 2643 510 2687 a
525 2635 571 2688 ete
587 2635 708 2689 ricomte
726 2634 855 2690 d’Ermes
872 2645 902 2691 et
920 2634 1010 2708 figure
1025 2651 1061 2689 en
1080 2641 1154 2688 cette
1169 2630 1275 2704 qualite

210 2733 257 2773 tw
271 2715 412 2791 ploeieurs
424 2719 534 2777 chartas
545 2720 581 2776 de
594 2721 813 2778 saint-Erroult.

241 2804 324 2863 Nous
337 2825 374 2862 ne
386 2809 563 2864 connaissons
575 2828 623 2885 pas
635 2809 743 2865 Robert
754 2809 789 2865 de
801 2810 920 2865 bostare.

241 2894 283 2964 (l)
298 2890 408 2951 Robert
416 2894 451 2950 de
459 2896 532 2966 Laci,
545 2898 675 2972 seigneur
685 2896 720 2953 de
730 2897 892 2954 Pontclract
903 2897 972 2952 dans
984 2893 1166 2953 l'Yorlrshire.
1177 2893 1272 2966 Voyez

210 2980 357 3050 «ι’-ἆωαι,
372 3002 403 3057 p.
416 2985 478 3040 tot.
1214 3045 1216 3048 ¹

242 3067 353 3127 lioben
369 3072 471 3140 Melet,
488 3072 532 3127 fils
548 3072 584 3128 de
599 3072 761 3128 Guillaumc
781 3073 880 3139 Melet,
903 3089 1078 3145 compagnou
1097 3069 1214 3125 d’armea
1233 3067 1272 3123 du

211 3159 392 3234 Conquerant
403 3171 433 3215 et
443 3160 543 3216 she‘riff
552 3161 591 3216 dn
603 3162 765 3217 Yorltshire.
781 3161 889 3216 Robert
900 3180 935 3215 ne
947 3159 991 3215 sut
1003 3179 1050 3234 pas
1062 3160 1153 3214 moins
1163 3157 1272 3213 comble

212 3247 244 3305 dc
254 3249 365 3305 favenrs
382 3269 430 3322 par
440 3269 472 3305 ce
483 3252 591 3324 prinae,
602 3252 651 3325 qui
661 3249 701 3306 lui
710 3250 802 3306 donna
812 3250 988 3304 d'inrmenses
1001 3250 1155 3323 proprietas
1165 3248 1234 3302 dans
1246 3245 1272 3300 le

211 3339 300 3397 comte
309 3338 347 3393 de
359 3337 479 3406 smoth,
494 3341 566 3394 russi
579 3340 644 3396 bien
656 3359 712 3414 que
723 3358 774 3413 par
788 3338 877 3395 Henri
888 3340 932 3407 1⁸¹,
944 3339 1015 3394 dont
1026 3338 1046 3393 il
1058 3338 1125 3393 etait
1138 3337 1164 3392 le
1174 3336 1272 3391 cham·

211 3422 299 3482 bellan
310 3437 393 3483 arant
404 3445 433 3481 sa
442 3426 577 3500 disgrice.
591 3428 615 3482 ll
626 3428 698 3484 avait
708 3447 764 3483 uuo
773 3447 847 3484 soenr
858 3429 986 3483 nornmde
998 3427 1106 3482 Be'atrir
1114 3436 1144 3481 et
1153 3444 1191 3480 un
1199 3424 1273 3478 frere

213 3517 322 3571 mane
334 3514 447 3570 Gilbert
462 3515 556 3572 Melet.
575 3518 647 3572 Leur
662 3519 737 3573 mere
750 3515 894 3589 s'appelait
905 3515 1021 3572 Hesilie.
1038 3517 1146 3585 Voyez,
1162 3512 1230 3568 daus
1246 3511 1272 3568 le

212 3601 387 3658 Honesticon
401 3605 606 3675 Anglicorrum,
622 3615 642 3660 t.
657 3605 684 3671 I,
696 3624 724 3678 p.
734 3609 797 3672 356,
808 3604 834 3659 la
846 3605 943 3660 charte
955 3604 991 3659 de
1002 3603 1148 3659 fondation
1157 3601 1192 3656 de
1203 3599 1271 3655 l’ab-

213 3682 277 3757 haye
284 3686 321 3742 de
331 3686 508 3743 benedictina
517 3689 585 3762 qn'il
594 3689 666 3743 avait
676 3689 776 3745 euhtie
785 3688 853 3744 dans
863 3707 891 3745 sa
900 3688 1041 3744 residente
1050 3687 1133 3742 d’Err
1142 3684 1272 3754 (suffolk-

214 3771 307 3847 stim),
319 3774 359 3830 dn
370 3776 462 3831 vivant
470 3776 509 3830 du
518 3778 708 3851 Conquerant
721 3777 799 3833 Nous
807 3795 926 3851 pensons
934 3795 989 3850 que
998 3794 1029 3831 cc
1037 3775 1081 3831 sut
1089 3775 1116 3828 le
1127 3774 1273 3848 predeces-

214 3875 274 3916 tenr
281 3863 470 3919 imme'diatde
479 3864 603 3919 Geoffroi
611 3865 646 3919 de
655 3864 1034 3921 Cliutoudanslesfonctions
1043 3863 1078 3918 de
1087 3858 1270 3919 chambellan.

243 3950 285 4017 (2)
298 3950 344 4003 lve
359 3949 395 4004 de
410 3951 634 4021 Grcntemesnil,
650 3952 708 4007 l'un
722 3953 771 4008 des
783 3953 959 4009 funambules
972 3951 1151 4009 d’Antioche.
1165 3951 1204 4004 Ce
1217 3948 1270 4001 sei-

216 4050 299 4104 gneur
314 4048 357 4092 est
374 4037 436 4110 de'j‘a
449 4040 611 4095 mentiound
628 4059 736 4096 comme
755 4043 859 4096 te'rnoin
878 4041 946 4096 dans
966 4059 1020 4094 une
1039 4039 1136 4093 charte
1152 4035 1188 4089 dc
1202 4034 1272 4090 ⁴077

215 4122 304 4188 (Mon.
319 4126 443 4197 Angue,
459 4139 479 4181 t.
495 4129 521 4194 l,
537 4148 563 4200 p.
578 4128 648 4200 562).
669 4129 769 4185 C’ctait
788 4130 813 4184 le
832 4129 987 4203 quatridnre
1006 4128 1047 4183 srls
1064 4127 1100 4181 de
1117 4126 1218 4194 Huguc
1236 4120 1271 4176 dc
