2888 4934
188 431 296 506 [um]
556 424 672 484 urum
694 423 878 485 nucruus.
1183 428 1244 495 us

189 557 295 644 maile,
313 581 452 654 suaeque
472 556 648 628 scelerosa)
665 557 749 654 legis
761 555 904 653 publicu
925 555 1081 654 dejecerit.
1104 561 1185 629 llaec
1210 570 1246 630 et

189 671 301 746 multa
319 671 375 742 his
389 671 517 744 similia
530 669 768 768 muliersagax
780 686 814 745 et
826 672 987 743 animosa
997 673 1074 744 viro
1087 697 1152 744 suo
1164 697 1247 770 pro·

189 787 280 858 tulit.
295 786 368 859 Sed
386 786 459 873 ille,
475 787 716 886 periculorum
729 801 766 858 et
778 785 1024 859 difficultatum
1035 812 1183 884 gnarum,
1198 787 1247 860 la·

190 900 296 974 bores
304 901 418 975 duros
434 903 561 974 iterum
578 901 697 974 subire
711 901 926 975 formidavit.
937 901 1095 974 Tandem
1108 903 1247 977 animos

189 1031 221 1089 et
236 1020 334 1090 vires
347 1018 550 1116 resumpsit,
566 1033 602 1089 et
617 1019 683 1090 iter
696 1042 778 1089 cnm
793 1016 912 1089 multis
925 1014 1081 1090 millibus
1094 1021 1246 1091 Franco·

189 1157 268 1203 rum
287 1133 451 1231 arripuit,
471 1147 507 1204 ct
523 1157 636 1229 usque
648 1133 695 1205 ad
711 1131 947 1230 Sepulchrum
959 1132 1102 1224 Christi,
1120 1157 1247 1231 quam·

188 1247 238 1318 ris
250 1249 406 1345 pessima
426 1248 477 1320 illi
495 1247 712 1321 obstitissent
723 1247 977 1348 impedimenta
990 1303 1000 1335 ,
1015 1251 1168 1347 perrexit
1178 1250 1244 1345 (l).

187 1365 285 1433 Tunc
300 1363 481 1461 Har-pinus
499 1364 688 1435 Bituricam
700 1362 826 1436 urbem
843 1363 1022 1463 Philippo,
1043 1363 1116 1461 regi
1137 1367 1249 1438 Fran·

187 1500 334 1567 corum,
359 1477 540 1566 vendidit,
567 1493 603 1550 et
626 1503 711 1552 cum
727 1478 919 1551 Goscelino
939 1478 985 1554 de
1002 1480 1190 1552 Cortenuia
1213 1493 1250 1550 et

187 1590 320 1663 llilone
345 1591 392 1664 de
417 1594 519 1666 Braio
550 1595 616 1665 lter
637 1592 829 1667 Ierusalem
852 1594 931 1666 iniit
953 1593 1022 1690 (2).
1048 1593 1248 1692 Stephanus

188 1720 307 1783 eutem
317 1705 391 1779 dux
402 1721 437 1779 et
447 1708 661 1808 Stephanus,
675 1733 797 1782 comes
809 1708 1132 1806 super-Saonensis,
1143 1706 1247 1783 elius

187 1845 256 1918 que
269 1821 485 1920 Stephanus,
506 1822 685 1896 llicheldis
701 1822 808 1912 lilius,
827 1847 912 1896 cum
925 1822 1086 1921 plurimis
1100 1820 1249 1895 coetibus

187 1933 400 2009 bellatorum
433 1937 480 2008 de
513 1938 738 2036 Burgundio,
781 1938 913 2012 militiae
950 1937 1079 2013 Christi
1116 1935 1248 2010 celeres

187 2048 413 2125 adheserunt
441 2052 509 2148 (3).
538 2053 814 2127 Mediolanensis
838 2077 984 2151 quoque
1011 2052 1248 2151 archiepisco·

216 2287 259 2360 (l)
277 2287 335 2344 Sur
346 2287 373 2344 la
386 2289 524 2346 honteuse
537 2290 679 2349 de'sertion
693 2291 733 2347 du
748 2301 840 2347 comte
856 2290 892 2348 de
907 2292 980 2347 Blois
994 2290 1155 2365 pendantle
1173 2292 1248 2364 siege

188 2373 369 2444 d’hntioche,
382 2394 464 2449 royez
475 2377 626 2447 ci-dessus,
638 2390 660 2435 t.
674 2379 733 2448 111,
748 2398 776 2452 p.
790 2381 852 2438 5³7.

217 2463 258 2533 (ἱ)
269 2461 475 2536 Endellarpin,
491 2461 534 2519 fils
547 2462 583 2518 de
595 2463 758 2533 Humbaud,
772 2465 905 2538 seigneur
916 2463 952 2520 de
961 2465 1037 2533 Dnn,
1050 2465 1116 2520 etait
1130 2465 1248 2519 vicomte

188 2547 220 2605 de
230 2551 358 2625 Bourges
372 2571 406 2607 sn
424 2552 501 2607 droit
513 2552 550 2608 de
562 2571 590 2608 sa
606 2554 709 2610 lemme
732 2553 870 2622 Mahaud,
885 2553 993 2609 lilledo
1008 2553 1095 2611 Gilon
1109 2550 1145 2608 de
1161 2551 1245 2618 tutti,

186 2649 323 2714 menone
334 2659 417 2696 avons
433 2659 469 2696 vn
483 2641 588 2716 ligores
601 2643 750 2711 ci·dessns,
763 2662 793 2717 p.
805 2645 851 2700 tt.
865 2643 889 2699 F
889 2642 928 2698 ait
940 2641 1099 2714 prisonnier
1111 2643 1126 2694 a
1138 2638 1246 2706 llamla,

187 2724 270 2783 ildut
282 2745 312 2784 sa
327 2728 482 2786 delivrance
493 2733 509 2784 a
519 2729 727 2787 l'iotervention
739 2731 774 2786 de
786 2731 960 2804 l’llmperenr
972 2728 1075 2797 Alexis,
1090 2737 1119 2781 et
1130 2727 1191 2780 finit
1207 2744 1249 2780 ses

186 2814 263 2885 innrs
275 2819 292 2871 a
302 2814 427 2890 t’ahbaye
439 2814 476 2872 de
486 2817 585 2888 Cluui,
598 2820 636 2875 oh
650 2820 669 2874 il
682 2820 751 2876 etait
764 2818 898 2896 religieux
912 2817 1004 2893 proles
1016 2836 1051 2873 en
1062 2819 1140 2873 4409.

219 2902 344 2960 toeoettn
362 2904 398 2959 de
417 2906 584 2975 Conrtenai,
603 2906 749 2964 deuxitme
766 2908 805 2964 dn
823 2925 905 2975 nom,
925 2903 1027 2961 second
1044 2903 1087 2959 srls
1100 2903 1135 2958 de
1152 2905 1247 2959 Josce·

191 2991 227 3046 lin
238 2992 284 3060 1«,
299 3002 371 3047 resta
387 2996 402 3046 a
414 2992 439 3047 la
452 2995 660 3064 TerreSainte,
671 2998 709 3052 ori
721 2996 742 3051 il
755 2998 850 3052 devint
863 3005 955 3050 comte
966 2993 1104 3049 d’Edesse.

221 3079 345 3152 Quanti
359 3081 494 3137 Milon-de
509 3084 588 3152 Brai,
603 3087 652 3160 qui
664 3086 755 3142 laisait
768 3087 858 3159 partie
870 3083 905 3139 de
917 3083 943 3139 la
956 3084 1095 3157 premiere
1107 3083 1245 3151 croisade,

189 3187 294 3226 nomme
311 3169 333 3224 il
348 3190 368 3244 y
385 3184 513 3242 mourut,
531 3174 551 3229 il
567 3175 610 3230 n’a
625 3194 663 3249 pu
677 3174 799 3250 prendre
810 3184 875 3247 part
885 3177 901 3228 t
913 3174 939 3229 la
953 3173 1087 3245 seconde,
1100 3184 1128 3229 et
1142 3172 1245 3239 Milon,

189 3275 236 3313 son
247 3257 350 3314 second
363 3259 420 3329 fils,
434 3262 502 3317 e'tsit
514 3272 578 3337 trop
587 3263 674 3335 jeune
685 3281 757 3338 ponr
769 3281 825 3338 qne
836 3280 868 3318 ce
879 3263 933 3318 soit
944 3260 979 3317 de
990 3261 1031 3318 lni
1043 3279 1098 3334 que
1110 3269 1191 3316 notre
1199 3277 1247 3315 an·
1336 3331 1340 3337 .

189 3357 249 3401 mur
259 3349 300 3402 ait
311 3347 396 3403 vonlu
410 3350 512 3421 parler.

220 3434 260 3506 (3)
280 3437 318 3490 le
338 3434 393 3490 duc
409 3436 445 3492 de
462 3438 630 3513 Bourgogne
649 3440 697 3513 qni
714 3438 765 3494 alla
783 3443 798 3495 a
817 3439 843 3494 la
860 3437 1058 3495 Terre-Sainte
1074 3455 1108 3490 eu
1125 3439 1189 3492 ll0l
1212 3452 1246 3488 ne

190 3519 328 3594 s’nppelait
342 3524 423 3595 point
435 3525 567 3594 Etienne,
582 3529 650 3582 mam
664 3526 750 3581 Eude.

221 3609 298 3665 Nous
313 3628 468 3685 supposoos
484 3632 539 3688 qne
554 3614 581 3670 le
594 3633 768 3690 personnage
783 3615 898 3689 designe
911 3633 962 3689 par
977 3623 1059 3670 notre
1071 3622 1170 3668 auteur
1183 3627 1247 3665 sous

190 3693 213 3750 le
223 3698 291 3753 titre
309 3698 345 3755 de
362 3719 453 3756 comes
469 3702 720 3774 super-Saonensis
737 3704 804 3760 e'tait
820 3703 954 3769 Etienne,
968 3701 1048 3758 oncle
1063 3709 1091 3754 et
1104 3709 1199 3753 tutem
1211 3696 1247 3751 de

189 3781 348 3841 Gnillaume
359 3787 401 3859 II,
411 3790 498 3862 etqui
511 3791 621 3862 preuait
632 3789 658 3846 le
670 3791 737 3848 titre
750 3790 786 3846 de
797 3801 889 3846 comte
900 3789 935 3846 de
945 3790 1112 3862 Bourgogne
1124 3786 1247 3859 pendant

187 3869 213 3926 la
223 3874 356 3930 minorite
368 3874 403 3930 de
417 3893 467 3931 son
481 3877 596 3950 pupille.

191 4002 196 4008 .
221 3962 318 4032 Quant
336 3967 353 4018 a
374 3965 493 4022 Etienne
513 3966 556 4022 fils
571 3967 606 4022 de
624 3967 773 4037 llichelde,
787 3987 858 4024 nous
880 3985 998 4023 summes
1017 3976 1081 4037 trop
1098 3981 1152 4036 peu
1171 3963 1248 4016 vert&

187 4049 253 4107 dens
268 4051 407 4109 l’histoire
420 4054 565 4110 nohiliaire
583 4055 617 4110 de
635 4057 799 4132 Bourgogne
817 4077 889 4132 pour
904 4057 979 4114 avoir
992 4073 1030 4128 pn
1046 4054 1072 4109 le
1089 4051 1245 4119 decouvrir,

189 4137 294 4214 d'apres
308 4160 363 4197 nne
378 4144 398 4196 si
411 4160 499 4214 regne
512 4143 672 4202 indication.
