2888 4934
157 409 266 486 [nor]
494 402 611 463 tinea
632 401 873 463 nrnnemns.
1151 406 1211 462 217

159 553 193 612 et
212 537 333 636 egenis
356 535 533 624 exercuit,
555 535 788 632 Ecclesiaeque
812 535 877 606 Dei
900 534 1073 605 sinceram
1093 557 1218 630 pacem

159 647 384 723 laudabiliter
405 647 569 719 servavit.
593 646 789 719 Auxiliante
809 649 906 734 Deo,
927 658 1039 715 totam
1062 644 1098 714 io
1118 642 1220 716 brevi

160 763 383 864 provinciam
400 763 556 859 pacavit,
575 777 611 833 et
626 787 718 861 pene
734 785 860 833 omnes
874 775 1117 832 antecessores
1135 784 1220 831 suos

162 880 289 951 virtute
301 893 336 950 et
348 878 481 973 justitia
492 877 644 976 gloriose
659 878 854 976 praecessit;
873 875 936 948 sed
951 891 1221 948 consummatus

163 995 195 1066 in
213 993 317 1066 brevi
336 1008 498 1091 tempora
513 993 624 1064 multa
640 992 804 1090 explevit.
821 996 905 1063 Post
917 991 1108 1063 triennium
1125 992 1222 1090 prin·

165 1111 299 1206 cipatus
318 1109 374 1181 sui
395 1107 615 1198 Condatum,
639 1123 677 1179 ut
694 1132 801 1204 supra
818 1106 907 1196 diri,
930 1104 1087 1196 obsedit,
1108 1121 1143 1178 et
1166 1131 1222 1179 re·

165 1221 271 1297 belles
293 1224 449 1296 inclusos
472 1223 615 1296 militari
641 1222 816 1321 probitate
841 1223 1025 1320 insigniter
1050 1223 1219 1295 coercuit.

165 1340 325 1436 Cumque
343 1339 517 1437 primores
535 1338 668 1411 castelli
689 1338 735 1410 ad
756 1363 839 1410 eum
857 1339 985 1433 egressi
1001 1323 1164 1426 inissent,
1188 1351 1223 1408 et

161 1450 204 1527 de
221 1477 316 1552 pace
333 1478 416 1524 cum
436 1477 480 1525 eo
501 1451 665 1524 facienda
682 1467 718 1524 et
735 1452 781 1525 de
799 1456 951 1525 crastina
968 1453 1093 1550 oppidi
1118 1450 1224 1523 dedi-

159 1567 259 1640 tione
270 1582 475 1658 tractarent,
488 1565 606 1638 subito
613 1565 1003 1658 balistarius,instinctu
1013 1566 1167 1655 Diaboli,
1178 1565 1224 1638 de

152 1682 364 1756 munitione
374 1682 488 1780 pilum
497 1681 637 1771 direxit,
649 1697 685 1753 et
692 1684 972 1754 strenuissimum
982 1681 1167 1776 juvenem,
1178 1679 1226 1752 ad

146 1798 384 1897 colloquium
393 1799 486 1870 inter
494 1812 675 1894 magnates
685 1797 944 1869 discernentem
954 1797 984 1892 (l
994 1797 1022 1894 ),
1033 1797 1219 1896 percussit,

142 1908 374 2012 bonumque
388 1913 615 2010 justitiarium
634 1914 671 1984 in
688 1911 835 1984 brachio
852 1911 1027 1983 lethaliter
1040 1910 1221 1982 sauciavit.

137 2031 195 2105 In
209 2032 412 2104 crastinum
423 2053 524 2118 vero,
539 2029 660 2125 patriae
675 2028 852 2127 legitimus
863 2026 1030 2099 defensor
1040 2024 1227 2098 defunctus

137 2161 228 2238 est,
247 2160 380 2217 etcum
397 2143 495 2216 luctu
510 2143 707 2216 multorum
722 2143 758 2213 in
776 2140 965 2213 coenobiali
977 2140 1121 2213 basilica
1134 2139 1230 2211 beati

135 2260 302 2336 Nicolai
315 2259 495 2358 praesulis,
516 2260 674 2356 sepultus
691 2272 744 2330 est
757 2257 825 2353 (2).

207 2379 299 2464 Quo
311 2374 493 2464 defuncto,
513 2373 708 2472 Philippus,
727 2397 787 2463 rer
805 2376 1042 2460 Francorum,
1061 2370 1226 2461 Fulconi,

135 2491 330 2590 privigno
358 2515 424 2561 suo
443 2490 515 2586 (3),
537 2490 551 2584 (
577 2488 883 2586 )Andegavorum
905 2489 1114 2560 comitatum
1137 2512 1231 2559 con-

139 2606 290 2693 cessit,
315 2605 503 2703 ipsumque
525 2603 723 2675 imberbem
739 2602 948 2693 Guillelmo,
968 2603 1231 2674 Pictavensium

144 2718 256 2793 duci
267 2718 336 2817 (5),
353 2720 416 2816 qui
434 2734 521 2790 tunc
541 2718 631 2789 sorte
648 2717 695 2789 ad
713 2718 848 2789 curiam
865 2732 957 2804 erat,
976 2717 1172 2803 commisit,
1193 2728 1232 2785 ut

202 2985 244 3055 (l)
261 2984 340 3039 Nous
353 3003 471 3058 pensons
483 2984 552 3060 qu’il
565 2986 626 3040 faut
636 2985 688 3040 lire
701 3008 706 3037 :
722 2985 922 3040 Disserentem.

203 3073 244 3144 (2)
263 3071 398 3144 L'abbaye
422 3073 457 3128 de
479 3072 692 3129 saint-Nicolas
714 3073 864 3147 d'Angers‚
889 3071 990 3127 londee
1015 3091 1050 3126 en
1072 3075 1156 3139 toto,
1183 3090 1233 3144 par

153 3157 297 3233 Fonlque
309 3160 407 3228 Nerra,
421 3179 455 3215 au
466 3161 604 3234 sarbourg
617 3161 765 3234 d’Angers,
778 3179 826 3229 eur
836 3160 862 3215 la
873 3160 930 3215 rive
942 3160 1034 3215 droite
1047 3159 1082 3215 de
1094 3160 1118 3214 la
1128 3160 1230 3215 hlaine.

203 3248 245 3320 (8)
264 3247 406 3322 Fonlque,
419 3249 578 3323 cinquieme
589 3249 627 3305 du
639 3268 721 3320 nom,
734 3249 776 3305 fils
788 3249 824 3305 de
836 3249 969 3305 bertrade
978 3249 1014 3307 de
1026 3250 1176 3317 Montiort,
1191 3250 1235 3304 int

156 3334 234 3402 plns
250 3335 314 3391 tard
329 3347 421 3393 comte
437 3337 560 3409 d’Anjou
576 3349 606 3395 et
620 3340 664 3394 roi
680 3339 716 3394 de
731 3339 894 3395 Jerusalem.
911 3340 998 3396 Notos
1014 3351 1115 3396 auteur
1132 3339 1235 3396 semble

155 3419 233 3477 dite
245 3424 283 3478 ici
297 3441 353 3498 que
367 3443 399 3479 ce
416 3425 547 3498 seigneur
560 3426 612 3482 dut
624 3437 720 3482 entier
732 3427 972 3483 immediatement
984 3447 1020 3483 en
1031 3429 1185 3502 possession
1200 3425 1236 3482 de

157 3502 300 3582 l’ttnjou,
317 3511 411 3567 tandis
424 3513 493 3587 qu’il
508 3515 573 3570 n'en
586 3516 658 3570 avait
671 3533 737 3588 recu
750 3533 806 3590 qne
817 3514 844 3570 la
854 3517 1015 3572 survivance
1027 3518 1108 3586 apres
1122 3515 1148 3570 la
1162 3524 1237 3571 mort

161 3597 208 3655 de
220 3617 271 3655 son
281 3601 364 3673 pere,
378 3602 448 3656 ainsi
462 3602 532 3677 qn'il
544 3614 586 3659 est
598 3604 727 3678 expliqne
739 3603 904 3660 ci·dessous.

208 3692 248 3760 (l)
266 3691 307 3744 Ici
322 3709 351 3745 se
363 3703 461 3746 trouve
473 3691 542 3747 dans
554 3691 580 3747 le
592 3693 745 3748 manuscrit
756 3692 875 3766 original
886 3713 926 3748 nn
938 3705 997 3750 mot
1009 3695 1078 3750 dont
1091 3692 1110 3748 il
1124 3713 1160 3749 ne
1172 3693 1238 3748 sub-

167 3779 239 3832 siste
251 3796 307 3852 que
317 3776 357 3832 les
368 3777 441 3835 deux
452 3780 573 3836 initiales
586 3801 626 3836 co.
638 3782 715 3837 Nous
725 3798 879 3855 snpposons
890 3801 946 3857 qne
957 3783 1050 3839 c’etait
1061 3783 1237 3838 consulatum

174 3881 212 3919 ou
224 3869 398 3934 consitutum,
412 3877 440 3922 et
450 3867 519 3941 qu’il
531 3868 575 3922 n'a
586 3870 631 3923 ete
642 3869 785 3942 supprime
795 3887 851 3944 que
860 3889 941 3943 parce
952 3870 1021 3944 qu'it
1033 3871 1123 3927 laisait
1134 3868 1238 3924 double

174 3953 278 4026 emploi
291 3972 357 4009 avec
368 3954 441 4010 celui
454 3956 502 4029 qni
516 3955 634 4011 subsiste
646 3957 726 4029 apres
739 3957 970 4031 Andegavorum.

213 4041 250 4113 (t)
268 4042 444 4110 Guillaume,
458 4045 592 4116 septieme
603 4044 641 4100 du
655 4063 735 4112 nom,
749 4057 841 4102 comte
852 4046 888 4103 de
902 4049 1033 4114 Poitiers,
1048 4048 1074 4101 le
1085 4046 1175 4101 meme
1187 4045 1238 4117 qui

183 4129 244 4184 suit
255 4148 360 4187 resenu
370 4133 541 4187 recemment
552 4143 581 4188 et
588 4134 712 4204 tres-peu
724 4133 938 4208 glorieuseruent
948 4136 983 4192 de
993 4135 1019 4190 la
1030 4132 1235 4190 Terre-sainte.
