2888 4934
191 399 232 464 44
463 398 646 460 HISTORIA
668 398 976 462 Ecctesllsrtcl.
1140 404 1250 486 [1098]

191 534 305 606 irruit.
331 530 530 605 Radbertus
546 547 666 607 autem
683 534 720 604 in
742 534 879 606 insidiis
901 532 950 605 ibi
965 533 1136 607 latitabat.
1158 538 1248 626 Qui,

191 662 231 721 ut
243 672 379 748 paucos
391 649 532 720 incaute
550 647 787 720 discurrentes
802 649 902 740 vidit,
919 650 1027 742 valer,
1049 650 1251 749 militiaeque

191 789 340 862 gnarus,
359 788 403 836 ex
423 765 618 863 improviso
638 790 721 836 curn
742 764 905 864 plurimis
924 767 1117 865 prosilivit,
1135 769 1249 841 comi·

98 959 101 965 ,
190 893 335 978 temque
359 903 458 970 mox,
481 895 517 952 et
534 884 712 952 llerveum
732 879 779 952 de
798 882 1000 954 Monteforti
1013 882 1088 980 (l),
1107 883 1250 981 signife-

189 1019 271 1068 rum
285 997 382 1093 ejus,
407 1009 443 1067 et
459 1020 551 1094 pene
573 1020 700 1068 omnes
719 994 807 1068 alios
823 997 1106 1097 comprehendit.
1128 1001 1250 1072 Praevii

189 1136 276 1186 rem
301 1114 497 1204 exercitus,
517 1129 709 1213 postquam
727 1112 918 1185 Balaonem
940 1114 995 1210 (2)
1020 1114 1152 1187 alacres
1173 1139 1252 1214 per·

188 1244 382 1320 venerunt,
404 1253 469 1328 per
485 1254 548 1302 eos
568 1230 630 1326 qui
647 1243 847 1320 evaserant,
868 1244 1012 1328 captum
1038 1255 1114 1302 esse
1132 1231 1251 1303 audie

190 1359 287 1434 mnt,
305 1343 496 1442 subitoque
515 1360 596 1443 post
615 1346 758 1417 inanem
775 1343 932 1416 laetitiam
948 1345 1082 1442 ingenti
1097 1370 1251 1418 moenore

188 1460 321 1559 pariter
338 1459 502 1532 inebriati
524 1475 618 1532 sunt.
645 1457 847 1532 Rodbertus
867 1459 1000 1533 deinde
1019 1461 1092 1558 regi
1113 1460 1249 1534 Heliam

190 1578 427 1676 llotomagum
443 1578 688 1677 presentavit,
708 1600 816 1674 quem
835 1600 896 1648 rex
911 1575 1110 1648 honorifice
1130 1592 1250 1649 custo·

188 1689 258 1764 diri
284 1694 464 1791 praecepit.
488 1697 568 1765 Non
592 1693 689 1765 enim
710 1691 879 1764 militibus
904 1705 979 1764 erat
996 1690 1167 1783 crudelis,
1187 1691 1250 1765 sed

188 1801 342 1880 blandus
358 1823 394 1879 et
411 1807 571 1907 dapsilis,
587 1805 769 1903 jocundus
782 1821 816 1877 ct
832 1805 993 1877 affabilis.

237 1921 342 1995 Felici
365 1923 508 1996 fortuna
531 1949 592 1996 rex
610 1922 823 1995 Guillelmus
844 1921 911 1994 sibi
933 1921 1112 1994 arridente
1136 1921 1252 2020 tripu-

189 2032 311 2125 diavit,
332 2051 369 2110 et
385 2038 591 2110 convocatis
608 2038 646 2108 in
665 2062 779 2110 unum
798 2037 1025 2109 Normanniae
1038 2035 1249 2127 baronibus,

189 2150 237 2223 ait
259 2178 268 2224 ς
291 2157 468 2226 Hactenus
489 2152 534 2225 de
553 2152 788 2225 nancucenda
803 2153 994 2225 hereditate
1011 2169 1167 2251 paterna
1189 2146 1251 2225 nl·

186 2267 360 2366 gligenter
372 2271 439 2368 egi,
457 2271 542 2367 quia
552 2294 623 2366 pro
635 2267 931 2367 cupuditaterures
940 2267 1252 2368 augendipopulas

190 2407 337 2472 vexare,
359 2383 413 2455 vel
427 2385 586 2456 domines
600 2386 780 2482 perimere
802 2383 911 2456 nolui.
934 2390 1040 2456 Nunc
1059 2399 1193 2469 autem,
1214 2399 1255 2455 ut

191 2499 324 2592 videtis,
346 2527 402 2573 me
419 2505 604 2593 nesciente,
628 2503 736 2574 hostis
757 2527 855 2573 meus
877 2517 1002 2600 captus
1020 2517 1090 2592 est,
1110 2506 1253 2599 Deoque

190 2618 334 2706 munte,
349 2624 413 2717 qui
425 2618 667 2691 rectimde‘nem
677 2644 793 2691 meam
807 2622 913 2710 novit,
927 2619 1016 2690 milri
1027 2616 1249 2690 tradiuasest.

191 2733 289 2827 Quid
304 2735 484 2806 madens?
499 2734 596 2826 Quid
605 2735 695 2806 milri
709 2735 811 2807 modo
823 2733 1071 2835 persuadetis?
1083 2741 1139 2804 De
1151 2731 1253 2804 rebus

187 2850 334 2947 egenam
361 2850 547 2923 corallium
576 2849 760 2949 endagate,
789 2866 824 2921 et
845 2849 934 2921 midi
958 2847 1054 2948 quod
1075 2845 1254 2919 salubrius

187 2970 403 3055 censueritis,
425 2970 599 3041 r'ntr'mate.
620 2968 818 3066 Optimates
837 2981 976 3054 autem,
992 2963 1159 3037 consultu
1172 2988 1254 3062 per-

187 3093 364 3170 scrutato,
391 3083 656 3182 responderunt
678 3110 686 3154 :
708 3085 897 3154 Communi
917 3080 1085 3166 cornihe,
1112 3079 1254 3150 domim

188 3215 267 3282 rex,
283 3192 502 3268 decernimus
520 3213 561 3268 ut
567 3196 732 3295 jussione
749 3213 862 3268 uestra
876 3199 1057 3267 universus
1073 3198 1253 3264 Narman·

188 3334 316 3381 norum
333 3328 541 3412 aggregetur
557 3316 757 3400 coercitio,
780 3337 860 3382 cum
877 3337 946 3409 quo
963 3337 1027 3382 nos
1048 3334 1187 3395 omnes,
1204 3306 1256 3379 ad

188 3422 411 3497 obtinendam
450 3429 758 3500 Cenomannorum
791 3431 984 3526 regionem,
1018 3425 1188 3497 audacter
1218 3439 1255 3494 et

187 3539 356 3613 alacriter
372 3541 509 3614 ibimus.
534 3543 594 3614 His
610 3543 757 3632 auditis,
782 3567 842 3613 rex
868 3542 1010 3638 gavisus
1023 3555 1088 3612 est.
1115 3543 1250 3629 Porro,

190 3654 329 3728 veloces
345 3657 519 3729 veredarii
538 3656 663 3754 longe,
687 3655 828 3755 lateque
850 3680 915 3755 per
934 3654 1137 3753 provincias
1155 3651 1254 3723 missi

224 3882 265 3955 (l)
279 3883 426 3952 Montfort,
440 3884 652 3958 probablement
663 3883 689 3938 le
700 3882 820 3950 Rotrou,
834 3881 898 3955 pres
906 3880 1045 3937 Conuere.
1057 3877 1131 3933 C’est
1142 3875 1254 3948 aujour-

188 3968 267 4023 d’hui
279 3988 320 4024 un
331 3970 469 4026 chel-lieu
481 3971 517 4027 de
529 3983 641 4027 canton.

223 4057 265 4130 (2)
279 4057 386 4126 Ballou,
400 4060 535 4115 chel-lieu
549 4059 585 4115 de
597 4069 708 4115 canton.
719 4059 760 4115 Ce
773 4059 887 4113 chiteau
900 4055 1074 4130 appartenait
1086 4054 1159 4110 alors
1171 4054 1187 4107 l
1199 4052 1254 4108 lla·

190 4145 275 4201 melin
287 4145 322 4202 de
333 4146 443 4217 Ballou,
457 4148 515 4204 l’un
529 4149 577 4203 des
589 4148 690 4203 favoris
702 4146 737 4203 de
749 4143 1062 4202 Guillaume-le·llonx.
