3190 5064
333 491 394 554 474
611 489 797 552 HISTORIA
816 487 1120 555 nccmtastlca.
1285 495 1396 578 [1127]

331 626 540 714 Britonum,
569 621 770 696 Rodbertus
793 625 902 700 etiam
924 625 972 698 de
996 623 1149 698 Beliamo
1174 647 1258 696 eum
1280 628 1395 725 copiis

332 739 638 836 Andegavenaium
655 756 693 813 et
709 745 1042 835 cenomannorum,
1059 739 1290 814 Guillelmum
1305 768 1392 817 exu-

330 854 403 928 lem
427 854 598 952 adjuvare
622 856 736 929 moliti
763 871 865 948 sunt3
890 855 952 930 sed
975 861 1052 929 Deo
1074 855 1301 950 advemante,
1328 862 1392 956 qui

331 957 572 1071 profunditate
587 995 713 1044 aeneus
729 985 765 1044 et
780 973 910 1046 urtute
925 971 1066 1064 bellica,
1083 971 1268 1071 copiisque
1280 972 1392 1046 facul·

329 1098 444 1159 tatum
452 1098 490 1158 et
498 1085 708 1179 amicorum,
723 1085 876 1186 ptaefatis
886 1085 1055 1160 omnibus
1065 1086 1259 1160 Henrioum
1270 1112 1391 1185 regem

329 1201 545 1301 praetulerat,
560 1201 650 1276 nihil
665 1203 907 1302 pmseoerunt.
922 1205 1024 1277 Multi
1039 1227 1167 1276 eorum
1177 1227 1245 1302 pro
1258 1204 1392 1278 facino·

327 1339 412 1389 roso
437 1317 594 1414 iueoeptu
618 1319 714 1416 capti
736 1331 838 1411 sunt,
865 1331 927 1392 aut
946 1317 1169 1410 exheredati,
1195 1331 1258 1390 aut
1282 1320 1391 1392 omisi

327 1447 423 1520 sunt.
445 1431 667 1506 Rebelliones
681 1434 789 1506 etiam
806 1433 875 1507 hae
891 1432 938 1505 de
954 1455 1063 1507 causa
1076 1433 1251 1506 niuniu
1270 1458 1389 1530 regem

328 1549 523 1622 Heni-ioum
545 1563 677 1622 exortae
697 1563 801 1640 sunt,
822 1564 859 1621 et
881 1547 1042 1639 castella,
1064 1571 1220 1645 ruraque
1239 1573 1389 1622 ooncre·

326 1680 424 1738 mata
435 1679 530 1737 sunt.
545 1670 623 1738 Hoc
634 1679 843 1738 attestantur
859 1665 1013 1737 Ebroica
1026 1662 1113 1736 urbs
1128 1677 1165 1735 et
1179 1664 1390 1763 episcopalis

326 1779 472 1854 eeclesia
493 1783 629 1854 Sancue
650 1781 785 1873 Mariae,
809 1778 1206 1877 sanctimonialiumque
1225 1777 1389 1870 abbatia,

327 1895 501 1988 Britanna,
526 1897 771 1969 Mons-Fortis
795 1909 831 1969 et
855 1895 997 1993 Aquila,
1024 1893 1327 1967 Pons-didemari
1353 1908 1390 1966 et

326 2010 519 2102 Bellismia,
553 2025 590 2084 et
614 2004 727 2084 multa
752 2009 820 2084 alia
848 2035 928 2109 quae
956 2033 1021 2110 per
1052 2007 1176 2082 edacia
1206 2009 1389 2108 perierunt

326 2125 506 2199 incendia.

373 2241 534 2314 Tandem
548 2265 634 2315 eum
650 2241 861 2316 Guillelmus
877 2240 960 2314 exul
977 2265 1062 2312 xxm
1080 2252 1172 2314 esset
1189 2261 1386 2328 annorum,

324 2367 362 2427 et
382 2378 491 2427 nemo
516 2358 690 2455 potuisset
711 2359 745 2431 ei
771 2358 818 2431 de
842 2372 991 2457 patema
1012 2353 1210 2428 hereditate
1234 2379 1388 2453 recupe-

325 2469 438 2542 randa
452 2469 634 2568 suffragari
653 2485 779 2544 eontra
795 2487 963 2571 patmum
980 2493 1103 2564 suum,
1124 2467 1251 2542 Adelea
1266 2470 1387 2565 iegina

324 2587 502 2659 uterinam
533 2611 695 2660 sororem
727 2611 831 2661 suam
864 2587 964 2660 dedit
996 2587 1047 2659 illi
1083 2587 1121 2658 in
1157 2584 1382 2682 conjugem:

326 2703 478 2775 Rainerii
505 2703 637 2776 scilieet
658 2703 878 2777 marchionis
899 2701 1062 2776 sobolem
1082 2701 1152 2800 (1).
1182 2699 1384 2772 Ludovieus

324 2832 445 2890 autem
466 2842 526 2891 rex
546 2819 646 2893 dedit
667 2821 701 2892 ei
723 2818 927 2892 Pontesiam
948 2831 985 2891 et
1001 2818 1261 2890 Calvimontem
1280 2829 1385 2912 atque

324 2933 543 3027 Medantum,
561 2951 750 3033 totumque
765 2933 1014 3030 vilcassinum.
1035 2937 1112 3006 Hoc
1128 2957 1252 3006 mense
1264 2931 1386 3029 janua·

324 3051 379 3122 rio
408 3051 637 3144 factumest,
665 3067 701 3126 et
724 3052 833 3152 paulo
861 3063 944 3151 post
971 3065 1054 3124 ante
1079 3049 1385 3148 quadragesimam

323 3168 594 3262 Gisortisvenit‚
606 3195 690 3243 oum
700 3169 841 3242 militari
852 3191 977 3260 manu,
989 3166 1247 3240 Normanniam
1255 3163 1385 3236 calum·

324 3281 435 3373 nian‘3
458 3285 522 3357 sed
540 3309 626 3357 eum
645 3281 843 3356 Normanni
859 3282 956 3354 velut
975 3281 1166 3354 dominum
1186 3277 1385 3354 natumlem

324 3399 464 3469 reveriti
482 3415 578 3472 sunt.

371 3512 546 3586 Kalendas
557 3517 687 3608 mantii,
701 3516 853 3608 Kaaolus
868 3513 940 3586 dux
951 3512 1136 3606 flandrie,
1149 3511 1283 3586 Cunuti
1293 3509 1383 3608 regis

358 3784 397 3858 (t)
416 3785 453 3840 ta
471 3785 550 3841 reine
566 3786 700 3843 adelaide
715 3788 789 3844 etait
838 3785 903 3842 ede
917 3785 1059 3843 Hnmbert
1073 3785 1115 3852 11,
1132 3784 1176 3840 dit
1190 3783 1218 3838 le
1230 3781 1384 3846 fleotomo,

322 3883 414 3931 comte
429 3873 466 3930 de
485 3873 647 3931 Maurienne
661 3886 690 3932 et
706 3875 742 3932 de
757 3876 776 3932 S
809 3876 868 3945 oie,
885 3883 915 3931 et
930 3874 965 3930 de
977 3873 1077 3930 Guisle
1094 3891 1132 3929 ou
1147 3870 1258 3939 noete,
1280 3867 1335 3924 title
1350 3866 1386 3923 de

321 3961 650 4033 Gnillaumedeflrand,
665 3973 756 4020 oomte
769 3963 805 4019 de
818 3964 995 4038 Bourgogne.
1011 3961 1095 4018 Gette
1106 3959 1188 4016 dame
1200 3975 1230 4014 ae
1241 3955 1386 4013 remanat

323 4049 448 4121 Reimea,
460 4061 553 4108 oomte
562 4050 599 4121 de
610 4051 788 4109 Moatierrat.
802 4053 875 4109 leur
885 4051 941 4107 fille
950 4051 1070 4119 Jeanne,
1082 4049 1186 4105 maa-ide
1196 4050 1211 4103 1
1223 4045 1386 4104 Guillaume

321 4137 430 4280 Fditon,
449 4140 492 4196 n'a
506 4159 555 4216 pas
566 4142 612 4198 ete
624 4141 802 4198 mentionuee
818 4159 869 4215 par
885 4141 924 4197 tea
941 4141 1093 4198 historiens
1109 4135 1262 4210 Savoyaada
1279 4145 1308 4192 et
1326 4135 1385 4190 lta-

334 4244 404 4282 iens.
