2888 4934
264 423 325 485 300
537 423 721 485 HISTORIA
743 423 1047 485 Eccnnstasttcs.
1114 426 1323 503 [atto-1111]

264 577 467 651 magensem
484 554 710 654 metropolim
727 581 824 627 xxxn
845 555 948 627 annis
970 552 1195 626 laudabiliter
1210 556 1319 644 rexit,

264 669 300 740 in
312 668 408 742 bona
420 685 603 744 senectute
616 678 653 741 v⁰
664 670 744 743 idus
754 670 921 744 februarii
933 669 1022 741 obiit
1032 669 1065 767 (4
1074 669 1101 766 ).
1113 673 1154 742 ln
1166 668 1321 769 capitulo

263 798 381 857 autern
397 786 674 876 Canonicorum,
690 786 789 884 quod
806 787 882 885 ipse
899 772 1156 876 construxerat,
1170 784 1322 857 tumula-

262 911 319 969 tus
336 915 401 990 est,
422 914 458 972 et
475 900 695 1000 epitaphium
712 901 788 997 ejus
806 900 852 972 ad
869 901 999 999 ipsum,
1017 899 1132 998 qualis
1149 898 1269 991 fuerit,
1286 899 1323 970 in

262 1013 425 1086 orientali
442 1018 595 1087 maceria
611 1016 661 1087 sic
678 1030 860 1088 exaratum
879 1031 931 1087 est
948 1043 957 1086 :

350 1168 470 1243 Relligio
483 1180 546 1240 tna,
559 1169 636 1243 larga
650 1187 761 1238 manns,
778 1170 922 1226 meditatio
935 1181 1041 1237 sancta,

384 1258 455 1324 Nos,
469 1258 634 1329 Gnillclme,
650 1271 731 1314 tunm
743 1260 810 1315 flere
825 1269 940 1314 monent
950 1259 1074 1325 obitum

349 1347 434 1418 Quod
446 1349 509 1420 pius
521 1350 635 1403 antistes
646 1348 746 1414 fueris,
760 1347 891 1423 cleroque
904 1347 1056 1420 benignus,

383 1437 520 1491 Interiora
534 1437 648 1502 docent,
662 1437 798 1492 exteriora
811 1435 940 1509 probant.

351 1524 477 1580 Ecclesiae
490 1525 600 1592 lumen,
616 1524 701 1579 decus
712 1536 741 1580 et
753 1524 877 1580 defensio
889 1523 975 1586 cleri,

383 1612 610 1686 Circumspectns
623 1631 696 1680 eras,
711 1623 857 1686 promptus
870 1609 904 1665 ad
919 1610 1129 1666 omnebonum.

347 1700 492 1755 Fratribus
503 1701 577 1755 hanc
588 1701 673 1757 aedem
687 1720 751 1755 curn
766 1700 886 1755 claustro
898 1700 1093 1774 composuisti,

382 1789 498 1844 Noctua
511 1790 681 1862 pauperibus
694 1791 778 1862 janna
791 1789 881 1845 clausa
892 1789 957 1843 fnit.

346 1879 474 1935 Contulit
486 1881 520 1936 ad
532 1881 635 1935 victum
651 1890 698 1935 tua
712 1880 901 1935 munificentia
914 1879 1033 1933 fratrum

383 1969 531 2036 Ecclesiae,
546 1970 681 2037 decimas,
698 1988 777 2037 rora,
793 1968 912 2033 tributa,
928 1967 1035 2021 domos.

347 2057 534 2132 Exemploque
546 2068 595 2112 tno
607 2057 746 2130 subjectos
757 2056 912 2112 dedocuisti

383 2146 476 2200 Verba
489 2145 619 2218 pudenda
634 2146 725 2219 loqui,
742 2146 835 2218 turpia
847 2145 918 2199 facta
930 2143 1017 2216 sequit

348 2234 415 2287 Fine
427 2233 501 2288 bono
513 2233 578 2288 felix
591 2234 678 2288 biduo
691 2245 734 2288 ter
746 2233 857 2288 solveris
868 2242 933 2286 ante

383 2322 473 2390 Quam
485 2322 577 2376 Pisces
588 2322 653 2377 solis
665 2332 884 2396 consequeretur
896 2321 959 2375 iter.

306 2474 345 2541 ln
366 2471 443 2568 ipso
460 2495 557 2543 anno
578 2486 735 2543 cometes
757 2496 778 2543 a
799 2478 848 2542 1v⁰
866 2471 948 2543 idus
961 2471 1054 2567 junii
1072 2493 1187 2567 usque
1205 2469 1326 2568 pridie

258 2583 427 2667 kalendas
442 2585 521 2681 julii
541 2587 577 2657 in
596 2609 764 2684 supremo
779 2585 859 2657 coeli
875 2585 1016 2656 climate
1032 2585 1106 2655 visa
1122 2598 1188 2656 est.
1212 2582 1331 2655 Panlo

256 2717 338 2798 post
355 2700 485 2792 Helias,
506 2705 822 2773 cenomannorum
841 2725 977 2789 comes,
997 2698 1087 2770 obiit
1101 2698 1169 2795 (2)

303 2819 430 2891 Tribus
455 2820 636 2892 continuis
661 2819 782 2905 annis,
808 2816 854 2888 ab
877 2816 1075 2888 indictione
1098 2812 1270 2885 videlicet
1293 2821 1352 2884 n·

257 2959 369 3033 usque
388 2935 434 3006 ad
451 2941 522 3006 1v³¹¹¹
538 2935 733 3033 asperrima
750 2935 859 3005 fames
876 2935 912 3003 in
927 2930 1041 3004 Gallia
1059 2931 1149 3001 facta
1168 2944 1236 3017 est,
1258 2952 1355 3026 quat

172 3067 174 3071 ’
255 3049 445 3121 hominum
463 3050 656 3122 multitudo
674 3051 779 3121 nimis
797 3063 981 3121 attenuata
996 3061 1061 3118 est.

305 3167 391 3234 xta.
412 3172 516 3237 Anno
533 3166 578 3237 ab
599 3166 849 3237 lncarnatione
866 3164 1011 3235 Domini
1026 3168 1068 3234 ΜΟ
1080 3167 1189 3249 c⁰x1⁰‚
1210 3160 1354 3232 indic-

193 3303 197 3313 ·
256 3278 427 3369 tione1v⁸,
442 3282 648 3353 Goisfredus
663 3282 772 3371 Brito,
786 3284 1104 3351 Cenomannorum
1115 3276 1292 3364 decanus,
1308 3302 1354 3348 τι

256 3419 338 3492 rege
359 3396 513 3467 Henrico
534 3396 571 3467 in
591 3396 753 3492 angliam
775 3396 907 3467 accitus
932 3409 1001 3483 est,
1027 3408 1063 3464 et
1083 3395 1358 3488 Rotomagenae

255 3506 352 3581 sibus
369 3512 530 3608 pontifex
546 3513 759 3583 constitutus
775 3525 840 3582 est.
860 3511 943 3599 Hic,
963 3507 1168 3605 eloquentia
1185 3521 1222 3577 et
1242 3531 1353 3577 eru·-

255 3623 391 3697 ditione
408 3626 565 3724 pollens,
590 3628 725 3699 clerum
742 3643 778 3699 et
794 3626 970 3725 populum
986 3622 1161 3697 catholice
1179 3623 1349 3711 docuit,

255 3739 487 3838 Ecclesiaeque
500 3743 567 3814 Dei
584 3769 657 3813 xvn
674 3743 777 3813 annis
790 3741 923 3818 utiliter
939 3740 1076 3839 praefuit
1094 3737 1164 3834 (3).
1267 3801 1269 3804 ,

255 3891 1356 3926 --..-.-.-...........-....-....---‚---——--

290 3978 331 4047 (4)
349 3979 403 4033 Sur
415 3997 446 4032 ce
459 3977 562 4050 pre'lat‚
578 3996 659 4049 noyez
673 3979 824 4048 cidessus,
838 3992 860 4036 t.
875 3981 918 4048 ll,
933 3999 960 4052 p.
975 3981 1042 4047 344,
1056 3987 1122 4046 note
1134 3981 1160 4032 3.

291 4067 331 4137 (2)
350 4068 385 4120 Le
400 4066 519 4139 ajuittet
532 4071 614 4124 44444.

291 4157 330 4225 (3)
349 4157 425 4212 Nous
441 4176 524 4214 avons
540 4159 602 4228 drjt
620 4177 653 4213 ru
672 4157 820 4226 ridemus,
838 4158 855 4211 l.
871 4159 911 4219 X,
927 4177 953 4230 p.
972 4160 1014 4221 ll,
1031 4175 1061 4210 cr
1077 4147 1361 4228 personnagecite‘
