2888 4934
193 123 405 203 [rtet-1124]
533 121 651 183 ttulit
672 118 910 181 Utttttcttttts.
1187 127 1245 184 tot

191 256 369 330 armeniis
385 269 464 329 orta
479 271 568 346 erat,
582 269 728 327 cannam
741 252 931 325 fidissimos
943 254 1143 345 Armenios,
1159 258 1248 327 Tur·

190 396 320 445 corum
337 396 437 445 arma
452 387 489 444 et
502 369 662 444 habitum
681 384 866 466 gestantes
885 368 931 441 ad
947 369 1013 441 viri
1029 370 1084 443 sui
1095 369 1250 445 subven-

191 488 333 560 tionem'
340 486 481 559 direxit.
495 487 565 574 Qui
577 490 780 583 carpetram
795 484 988 574 venientes,
1003 486 1129 556 turrim
1141 487 1249 558 intra-

191 617 341 693 verunt,
369 619 406 678 et
432 608 598 675 Turcanae
631 601 837 689 locutionis,
869 602 1099 700 versutiaeque
1123 603 1248 702 periti,

193 719 336 790 Francis
352 719 533 816 insigniter
550 717 702 790 auxiliati
720 731 813 788 sunt.

240 833 438 907 loscelinus
459 849 495 906 et
514 832 736 923 Goisiredus,
760 832 847 904 dum
863 833 1025 929 ignotum
1041 833 1107 904 iter
1125 857 1252 932 carpe·

194 966 291 1041 rent,
314 966 350 1023 et
373 952 410 1023 in
433 948 583 1022 barbara
607 949 750 1045 regione
773 974 899 1020 omnes
923 950 1053 1048 pariter
1073 964 1111 1020 ut
1130 948 1253 1022 hostes

195 1080 406 1153 metuerent,
425 1066 568 1139 cuidam
584 1066 731 1153 rustico,
750 1065 811 1161 qui
826 1064 872 1136 de
885 1064 1151 1161 Mesopotamia,
1167 1089 1250 1137 cum

194 1203 305 1252 uxore
321 1179 430 1253 asello
447 1181 640 1265 insidente,
656 1181 694 1251 in
711 1180 847 1276 Syriam
863 1179 955 1271 ibat,
975 1181 1137 1252 associati
1153 1195 1248 1251 sunt.

194 1293 262 1368 lllia
279 1321 353 1369 una
369 1296 535 1369 euntibus
552 1311 587 1368 et
604 1294 929 1387 confabulantibus,
948 1320 969 1368 a
986 1297 1117 1367 rustico
1133 1297 1251 1367 statim

194 1412 333 1508 agnitus
344 1428 396 1485 est
407 1411 620 1502 loscelinus3
637 1411 848 1483 fortissimus
859 1412 966 1484 heros
980 1412 1160 1484 advocatu
1174 1410 1255 1484 bar

193 1522 272 1599 bari
287 1528 521 1617 contremuit,
546 1541 582 1600 et
602 1526 818 1598 loscelinum
836 1551 874 1599 se
893 1552 968 1599 esse
984 1526 1183 1623 denegavit.
1210 1529 1254 1598 tt

193 1638 271 1715 ille:
288 1643 384 1730 Noli,
396 1644 523 1742 inquit,
536 1668 665 1742 negare
673 1640 767 1742 quod
772 1668 820 1729 es,
834 1658 978 1714 strenue
986 1643 1098 1713 miles.
1114 1643 1256 1739 Optime
1329 1636 1334 1649 '

193 1769 226 1825 te
244 1771 285 1827 ut
305 1755 487 1829 dcmritum
506 1783 687 1858 cognosco,
711 1756 895 1829 losceline.
924 1762 969 1830 ln
991 1757 1094 1829 domo
1116 1773 1176 1828 tua
1194 1755 1257 1827 tibi

193 1869 368 1942 multoties
383 1875 517 1960 servivi,
538 1890 575 1945 et
590 1873 829 1957 lemausum,
849 1870 932 1943 dum
950 1873 1046 1945 licmt
1059 1872 1148 1943 mihi
1160 1870 1255 1943 vilto-

194 1981 288 2056 ribus
311 1985 486 2058 clientulis
511 1991 579 2059 tuit
592 1987 787 2085 famulari.
814 1993 956 2086 Aquam
981 1987 1107 2076 detuli,
1136 1992 1254 2087 ignem

193 2098 352 2186 accendi,
371 2118 406 2172 et
423 2104 516 2174 inter
536 2119 612 2193 tuos
634 2103 795 2174 ventuius
811 2102 854 2175 de
871 2105 1034 2202 largitate
1050 2121 1111 2176 tua
1128 2105 1253 2175 victum

194 2227 227 2285 et
253 2216 412 2286 restium
439 2221 634 2313 prontcrui.
669 2223 757 2289 Post
782 2218 918 2316 aliquot
946 2243 1060 2289 annos
1083 2233 1254 2314 parentes

194 2352 288 2402 meos
306 2334 432 2428 repetii
449 2337 593 2421 ancos,
614 2358 700 2432 quos
720 2336 847 2405 iterum
867 2333 1028 2432 relinquo
1046 2349 1088 2403 ut
1099 2333 1255 2431 prophan

196 2467 276 2531 not,
312 2461 348 2515 et
376 2471 517 2544 reposco
542 2447 778 2535 Christianos,
810 2451 903 2520 inter
929 2473 1015 2547 quos
1039 2463 1097 2517 sat
1122 2444 1254 2516 beatius

193 2557 309 2658 degui,
332 2585 439 2658 quam
460 2565 553 2633 inter
567 2579 732 2661 cogrmtos
748 2578 784 2633 et
800 2564 1050 2661 compatriotas
1067 2585 1173 2630 meos.
1194 2563 1254 2629 ln·
1334 2608 1339 2618 ·

186 2672 352 2769 fortuma
369 2692 446 2765 tua,
462 2675 572 2775 probe
592 2681 655 2768 vir,
679 2675 813 2765 audivi,
831 2693 869 2749 et
878 2703 950 2774 pro
964 2674 1154 2775 dejectione
1172 2689 1248 2761 tua,

194 2805 400 2890 morumque
413 2795 501 2864 sotir
516 2793 602 2864 olim
614 2792 722 2865 dolui.
745 2799 848 2865 Nunc
863 2809 979 2865 autem
997 2790 1142 2863 vincult'e
1154 2788 1254 2861 abso·

195 2902 278 2995 luto,
291 2911 527 3009 propriosque
537 2926 688 3007 penates
703 2913 884 3006 repetenti,
897 2908 1018 3003 fidam
1034 2906 1094 2978 tibi
1109 2908 1255 2978 comito-

193 3034 262 3093 tem
276 3021 432 3109 servabo,
450 3041 487 3096 et
503 3026 640 3096 itineris
657 3028 762 3097 vestri
772 3025 847 3096 due
858 3027 1018 3123 usquein
1030 3022 1255 3099 Antiochiam

192 3158 265 3209 tro.
287 3140 422 3211 lineet
441 3139 552 3213 multa
568 3140 624 3212 his
640 3140 769 3213 similia
791 3145 952 3237 Paganus
967 3139 1108 3212 locutus
1127 3151 1196 3227 est,
1219 3152 1254 3209 et

192 3248 389 3325 loeoelinus
408 3277 492 3325 cum
512 3256 612 3327 socio
631 3280 697 3326 suo
717 3253 822 3328 valde
841 3253 978 3328 laetatus
1000 3269 1064 3325 est.
1088 3252 1255 3325 Protinus

191 3384 333 3465 μννοσ
349 3382 674 3441 commutaverunt.
700 3367 873 3441 Barbarus
891 3367 1111 3469 praecedebat
1129 3382 1169 3439 ut
1186 3365 1253 3437 do·

191 3478 325 3601 Q
341 3497 379 3554 et
395 3481 692 3556 confabulabatur
706 3507 789 3555 cum
807 3483 1047 3557 obviantibus.
1067 3481 1256 3554 Christiani

193 3594 278 3669 tim
293 3620 479 3697 proceres,
504 3613 545 3669 ut
561 3597 642 3669 vilia
660 3597 854 3695 mancipia,
876 3597 1196 3696 subsequebantur,
1220 3610 1255 3667 et

190 3698 313 3811 ’τηαν
338 3710 496 3784 Sabaoth
522 3736 589 3812 pro
614 3715 798 3785 communi
825 3712 936 3785 salute
964 3713 1059 3785 taciti
1086 3711 1254 3808 depreca-

136 3818 335 3967 Efflatur.
360 3829 545 3901 sarraceni
560 3853 706 3927 quoque
726 3854 918 3903 sexennem
942 3827 1050 3901 filiam
1075 3823 1255 3898 alternatis
