2888 4934
89 447 199 526 [noo]
458 440 577 502 ornan
599 438 784 502 oncruus.
1112 444 1152 504 ss

88 577 238 664 dicerat,
255 572 453 645 luculenter
467 574 626 645 inseruit.
645 576 683 644 ln
700 572 830 645 eodem
844 574 1075 656 monasterio,
1091 575 1151 648 ka-

88 692 207 765 lendis
219 689 371 787 augusti,
388 687 572 761 celebritas
583 689 695 760 sancti
711 689 802 759 Petri
815 687 860 758 ad
875 685 1021 759 Vincula
1035 687 1152 760 solen·

88 807 183 879 niter
206 819 351 905 peracta
378 819 453 892 est,
483 820 518 876 et
545 828 781 905 personarum
807 804 989 900 utriusque
1017 803 1153 878 ordinis

87 925 215 1021 ingens
241 919 368 1018 globus
391 920 525 993 ibidem
551 919 838 1017 conglomeratus
861 933 925 991 est.
952 923 1051 991 Tunc
1075 921 1154 992 Ful-

87 1038 277 1127 chorebus,
295 1039 468 1135 Sagiensis
480 1038 619 1110 fervens
630 1038 843 1126 monachus,
858 1035 1153 1111 Scrobeshurien·

87 1156 134 1225 sis
150 1152 430 1226 archimandrita
445 1155 500 1250 (l)
514 1155 651 1252 primus
661 1154 730 1250 (2),
749 1155 786 1225 in
801 1153 930 1224 divinis
944 1154 1152 1227 tractatibus

88 1268 299 1367 explanator
319 1269 500 1366 profluus,
526 1268 572 1340 de
596 1294 702 1366 grege
728 1270 910 1342 seniorum
939 1268 1088 1356 electus,
1115 1270 1152 1341 in

89 1383 270 1483 pulpitum
293 1382 473 1472 ascendit,
497 1407 701 1455 sermonem
724 1384 770 1456 ad
786 1383 963 1482 populum
987 1383 1032 1455 de
1050 1384 1150 1456 Salu-

88 1499 154 1574 tati
166 1500 233 1570 Dei
245 1499 300 1595 (3)
311 1498 405 1570 fecit.
426 1499 477 1570 lbi
490 1499 777 1597 praevaricatores
791 1499 919 1570 divinae
933 1498 1018 1595 legis
1032 1499 1152 1597 palam

88 1614 291 1712 redarguit,
315 1630 368 1705 et,
392 1615 493 1714 quasi
513 1616 726 1714 prophetico
747 1617 870 1714 spiritu
894 1615 1038 1713 plenus,
1061 1617 1154 1687 inter

88 1746 216 1802 caetera
230 1744 436 1803 constanter
454 1731 662 1804 vaticinatus
680 1731 769 1803 dixit
786 1758 793 1801 :
809 1730 943 1828 Anglii
955 1731 1153 1828 prophanis

88 1846 137 1918 ad
156 1846 453 1919 coraculcatrirnem
477 1847 583 1919 datur
609 1850 647 1920 in
670 1847 878 1936 hereditate,
907 1850 991 1945 quia
1017 1850 1152 1947 repleta

88 1979 140 2033 est
158 1979 257 2033 terra
281 1965 476 2061 iniquitate.
511 1970 634 2036 Totum
654 1990 781 2062 corpus
808 1965 1008 2037 maculatur
1031 1967 1150 2038 malti·

79 2076 215 2172 formis
243 2078 344 2176 lepra
372 2081 555 2177 nequicie,
589 2096 627 2152 et
648 2107 671 2150 a
701 2082 816 2179 capite
840 2106 947 2178 usque
978 2080 1028 2151 ad
1044 2082 1152 2179 pedes

86 2192 268 2290 occupavit
295 2192 387 2264 illud
410 2193 560 2293 languor
589 2195 745 2267 malitie.
773 2193 936 2291 Esjrenr's
967 2197 1064 2264 enim
1093 2222 1150 2266 sa-

81 2307 209 2404 perbia
226 2306 349 2407 ubique
368 2309 504 2400 volitat,
527 2327 563 2382 et
581 2312 715 2401 omnia,
737 2314 772 2382 si
787 2309 860 2382 dici
868 2309 937 2406 sas
951 2328 1021 2397 est,
1043 2315 1152 2383 etiam

85 2423 209 2494 stellas
232 2423 314 2495 coeli
336 2425 528 2496 conculcat.
557 2429 737 2498 Discincta
763 2424 867 2497 libicis
892 2451 974 2496 rasa
990 2426 1146 2518 fictilia,

85 2537 149 2608 sed
161 2555 200 2610 et
212 2564 322 2611 aurea
335 2541 552 2638 coinquinat,
565 2558 602 2613 ct
618 2540 826 2612 insatiabilis
841 2542 994 2612 avaritia
1007 2565 1151 2639 qrsaeque

81 2669 199 2750 potest
222 2652 377 2725 devorat.
401 2659 459 2725 En
478 2655 660 2727 subitanea
680 2682 798 2728 rerum
823 2654 966 2726 instabit
987 2658 1148 2725 immuta·

88 2771 147 2840 ab.
168 2776 251 2841 Non
266 2769 327 2841 dria
344 2769 616 2843 (lomirmbuntur
630 2771 842 2868 effeminati.
864 2773 1038 2842 Dominus
1056 2774 1151 2839 Deus

81 2882 244 2979 publicos
266 2908 403 2982 sponsae
422 2911 494 2957 suas
513 2886 627 2957 hostes
642 2885 809 2983 judicare
832 2886 958 2973 venat,
986 2881 1091 2953 Moab
1117 2899 1151 2954 et

90 2997 205 3069 Edom
218 2998 357 3096 rumfea
374 3001 429 3097 (4)
442 2999 638 3096 manifestae
650 3000 793 3071 ultionis
799 3001 985 3094 percutiet,
1000 3015 1036 3068 et
1049 3001 1152 3068 terri·

87 3111 155 3184 bili
181 3117 412 3185 comnwtrone
443 3132 578 3187 montes
611 3114 740 3188 Gelboe'
768 3111 950 3185 subvertet.
988 3118 1052 3183 Ira
1084 3115 1155 3183 Dei

89 3228 407 3326 trangressoribus
424 3230 519 3301 altra
542 3255 614 3301 non
627 3244 767 3327 parcet.
792 3234 876 3298 lam
898 3227 1045 3298 coelestis
1067 3226 1153 3298 ultro

87 3368 197 3441 super
209 3345 314 3436 filios
336 3343 555 3437 infidelitatis
577 3345 744 3416 ἅωωνίει.
770 3349 860 3415 Ecce
884 3368 989 3414 arcas
1010 3344 1157 3440 superni

127 3645 170 3711 (l)
188 3639 237 3697 Gl.
251 3642 322 3696 int:
338 3650 481 3713 pastorac
497 3641 598 3696 archos
617 3666 623 3692 .·
641 3639 730 3695 idest
747 3643 879 3712 princeps
898 3638 1028 3694 mandroe
1046 3664 1052 3691 .·
1071 3637 1103 3692 id
1112 3619 1157 3691 est

93 3748 363 3891 wliiniiulchered,
384 3820 508 3892 premier
527 3818 599 3875 abbe
618 3819 653 3873 de
674 3818 868 3890 Shrewsbury.
889 3816 982 3891 Voyez
1001 3817 1156 3881 ci-dessus,

93 3916 113 3959 ι
127 3907 173 4068 llil
186 3908 290 4048 inlisi.
305 3992 340 4049 de
352 3993 561 4050 Sciat-Erroult
573 4003 653 4066 porte
669 4019 674 4048 :
691 3993 726 4049 de
741 3994 862 4050 salutari
872 3993 934 4048 Dei.
948 3993 1023 4048 Dans
1037 3993 1158 4047 d'autres

95 4099 130 4137 on
144 4093 245 4136 trouve
258 4105 264 4135 :
280 4081 315 4137 de
327 4083 449 4137 salutari
458 4083 540 4138 verbo
553 4083 616 4137 Dei.

131 4171 174 4243 (l)
192 4169 242 4227 Gt.
255 4171 325 4227 int:
341 4171 447 4245 gladio.
470 4173 570 4227 Teium
584 4171 667 4226 serait
680 4189 717 4225 un
732 4187 883 4242 synonyme
894 4170 956 4242 plus
969 4180 1054 4225 exact.
