2888 4934
207 393 249 454 oo
477 387 660 449 nrsroan
685 386 995 449 ecciesrasrrcu.
1161 390 1271 468 [roeo]

207 522 371 596 dedicata
387 535 483 611 suut,
500 534 536 592 et
552 519 715 616 gloriosis
728 519 916 592 ordinibus
932 521 1145 592 Sanctorum
1159 519 1272 593 eccle·

206 640 347 713 siastico
361 662 462 710 more
475 636 522 710 ad
535 636 678 709 laudem
689 637 755 708 Dei
764 635 954 741 distributa
966 650 1062 725 sunt,
1076 636 1138 733 qui
1148 636 1270 709 eidem

206 758 337 828 Sancto
350 757 562 826 Sanctorum
576 754 612 824 in
631 750 765 824 coelesti
783 744 894 849 regno
910 751 1164 849 perpetualiter
1177 775 1270 849 gau*

207 872 335 945 dentes
351 870 531 942 assistunt.

255 987 306 1059 ld
317 987 411 1059 hanc
425 986 691 1059 dedicationem
708 985 812 1058 multi
831 990 1122 1058 Normannorum
1140 1011 1268 1086 prooe-

204 1129 260 1177 res
278 1102 489 1192 adfuerunt,
510 1116 545 1173 et
563 1126 606 1173 ex
624 1117 780 1200 utroque
798 1102 926 1174 ordine
942 1107 1022 1174 Deo
1040 1101 1164 1174 fideles
1182 1127 1266 1174 ora·

205 1222 344 1291 tionum
357 1242 504 1292 suarum
520 1217 690 1290 libamina
707 1217 927 1290 obtulerunt.
943 1217 1154 1290 Guillelmus
1167 1219 1265 1289 enim

202 1333 312 1406 abbas
326 1333 508 1405 Beocensis
524 1348 558 1404 et
572 1331 743 1404 Radulfus
756 1334 943 1429 sagiensis,
959 1331 1125 1404 ernulfus
1137 1337 1266 1405 Troar·

202 1449 322 1521 nensis
340 1463 376 1520 et
394 1446 602 1520 Goisfredus
624 1448 942 1519 Constantiniensis
960 1447 1015 1544 (1)
1035 1462 1071 1519 et
1092 1446 1265 1520 Ricardus

201 1564 247 1636 de
259 1563 488 1661 Ansgerivilla
503 1578 539 1635 et
551 1561 762 1635 Guillelmus
775 1562 821 1635 de
835 1561 1012 1634 Glanvilla
1025 1564 1094 1658 (2),
1112 1562 1265 1634 litardus

201 1695 237 1751 et
254 1680 466 1752 Guillelmus
485 1679 710 1751 Ebroicensis
733 1679 808 1775 (3),
836 1684 940 1775 Hugo
963 1679 1099 1751 Safredi
1115 1679 1210 1751 filius
1228 1694 1264 1752 et

199 1794 412 1868 Guillelmus
426 1795 472 1867 de
486 1795 610 1867 Arenis
621 1795 688 1892 (li),
704 1794 975 1867 archidiacones
989 1809 1025 1865 et
1038 1794 1178 1887 decani,
1191 1794 1265 1867 alii-

197 1935 270 2007 que
276 1910 508 1985 honorabiles
522 1910 640 1982 clerici
652 1910 846 2000 affuerunt,
860 1926 987 1981 etcum
1002 1910 1178 2009 episcopis
1189 1913 1263 1984 suis

197 2026 326 2100 divine
335 2028 512 2100 servitutis
522 2028 760 2100 ministerium
769 2027 966 2100 solenniter
973 2026 1260 2126 compleverunt.

244 2146 342 2214 Tunc
358 2141 570 2214 Guillelmus
589 2142 635 2214 de
652 2141 799 2215 Britolio
818 2142 935 2215 eidem
952 2141 1107 2215 ecclesiae
1122 2141 1170 2216 de
1184 2143 1265 2217 red·

197 2257 329 2330 ditibus
346 2257 392 2330 de
408 2258 497 2330 Gloz
514 2285 537 2329 x
558 2258 667 2331 libras
683 2258 831 2356 singulis
846 2262 949 2333 annis
966 2260 1067 2333 dedit
1075 2261 1142 2358 (5)
1164 2261 1262 2334 Rod-

195 2373 317 2446 bertus
339 2375 446 2447 etiam
464 2372 510 2447 de
526 2375 802 2448 Greutemaisuil
820 2375 1006 2448 ecclesiam
1023 2378 1136 2448 sancti
1156 2379 1262 2450 Sam-

195 2491 293 2561 sonis
314 2489 413 2590 apud
429 2491 741 2564 MontemCalveti
758 2493 933 2588 majorem
955 2493 1029 2589 (6),
1056 2507 1266 2590 terramque-

194 2606 300 2677 nnins
321 2629 475 2677 carrucae
492 2604 613 2696 dedit,
636 2606 885 2704 decimamque
902 2607 1147 2680 nundinarum
1166 2609 1261 2704 ejus·

192 2818 280 2856 messe
292 2800 332 2856 du
349 2802 452 2868 mutin,
473 2803 522 2875 qui
541 2802 670 2874 occupait
686 2801 898 2873 probablement
914 2801 1035 2877 quelque
1054 2801 1260 2875 emplacemeut

192 2904 227 2940 en
242 2886 345 2943 debore
358 2887 397 2942 du
411 2887 474 2960 plau
489 2887 612 2960 regulier
624 2887 708 2942 d'une
721 2888 807 2961 eglise
818 2908 940 2944 romane.

228 2976 266 3044 (l)
283 2974 424 3042 Geoffroi,
439 2975 509 3031 abbe‘
523 2975 558 3030 de
573 2976 677 3043 Lessai,
695 2974 766 3029 dont
780 2975 807 3030 le
824 2975 1021 3047 predecesseur
1038 2979 1106 3031 etait
1118 2991 1191 3031 mort
1210 2977 1260 3032 des

192 3063 263 3122 teat
275 3065 339 3136 juin
352 3068 437 3130 teat,
451 3067 473 3119 si
488 3066 540 3120 l'ou
552 3084 585 3121 en
600 3068 673 3122 croit
687 3065 727 3121 les
741 3066 865 3122 archives
878 3066 916 3120 du
932 3067 991 3122 Bec.

226 3156 265 3224 (2)
279 3154 334 3208 Sur
346 3172 391 3208 ces
404 3154 477 3209 deux
490 3174 689 3230 permereges,
705 3175 787 3228 voyez
801 3155 952 3220 ci-‹lcssus,
968 3167 990 3210 t.
1004 3157 1046 3226 11,
1062 3176 1090 3230 p.
1105 3160 1170 3215 342.

226 3247 265 3314 (3)
278 3242 474 3297 Archidiacrcs
487 3244 522 3298 de
535 3245 657 3321 l’evdque
669 3235 815 3301 d'Evreur.

226 3332 265 3404 (l)
279 3332 396 3403 Hugue‚
412 3330 453 3385 fils
467 3330 502 3385 de
518 3332 620 3397 Saflre‘·‚
635 3345 665 3388 et
677 3334 837 3389 Guillaume
849 3323 1006 3400 rumines,
1021 3335 1209 3391 archidiacres
1222 3337 1258 3391 de

191 3422 267 3477 Se'ez.
283 3408 406 3483 Eraines.
420 3438 569 3475 commune
582 3423 674 3477 rurale
686 3422 734 3478 des
745 3424 873 3478 environs
883 3423 918 3477 de
930 3424 1044 3491 Fabiae,
1057 3443 1071 3477 a
1085 3427 1130 3479 ete'
1142 3425 1168 3480 le
1182 3426 1258 3481 chei-

191 3508 245 3563 lieu
259 3508 325 3562 d’uu
339 3509 544 3564 archidiacone.
940 3553 945 3568 ,

224 3604 262 3671 (t)
276 3600 330 3655 Sur
341 3610 413 3654 cette
425 3601 575 3665 donatiou‚
591 3618 673 3673 voyez
686 3600 835 3667 ci-dessus‚
848 3611 868 3654 t.
880 3601 923 3664 11,
938 3621 965 3674 p.
980 3605 1042 3659 too.
1056 3602 1144 3657 Notre
1156 3614 1258 3659 auteur

189 3699 310 3745 commet
326 3689 361 3743 ici
379 3706 434 3743 une
448 3687 645 3744 inexactitude.
661 3690 698 3743 La
714 3691 811 3744 moitie
827 3689 862 3742 de
879 3687 904 3742 la
921 3688 1053 3744 donation
1072 3693 1225 3747 remonuit
1241 3694 1257 3747 lt

189 3797 244 3833 une
256 3779 365 3851 e‘poque
377 3779 550 3846 anterieure,
563 3795 672 3833 comme
684 3777 833 3833 lui-meme
844 3794 914 3832 nous
926 3776 960 3831 l’a
968 3777 1098 3851 explique
1109 3777 1253 3834 cidessus.

222 3870 261 3937 (6)
282 3866 492 3933 Montchauvet‚
510 3871 526 3921 a
547 3877 647 3942 quatre
668 3867 755 3921 lienes
773 3867 808 3921 N.
834 3868 865 3924 E.
888 3865 924 3921 de
945 3867 1025 3922 Vire.
1046 3867 1134 3922 Notre
1154 3878 1256 3923 autern

187 3957 291 4012 semble
304 3953 436 4028 indiquer
449 3955 517 4028 qu’il
531 3956 642 4011 existait
657 3974 696 4009 un
715 3955 803 4028 grand
819 3966 847 4010 et
864 3973 903 4009 uu
917 3955 989 4028 petit
1006 3954 1217 4010 Moutcbauvet.
1231 3954 1255 4009 ll

187 4046 232 4118 n’y
246 4066 260 4099 a
275 4044 374 4116 depuis
387 4042 526 4116 plusieurs
539 4045 633 4100 siecles
647 4044 750 4118 qu’une
764 4062 913 4098 commuue
925 4043 960 4098 de
973 4062 1004 4098 ce
1016 4061 1096 4109 nom,
1110 4052 1139 4096 et
1151 4044 1253 4110 meme,

187 4133 255 4189 dans
268 4137 291 4189 la
305 4134 402 4189 charte
415 4134 508 4206 royale
526 4134 561 4190 de
575 4134 770 4190 confirmation
785 4131 821 4185 dc
836 4136 919 4198 ttae,
934 4132 961 4188 la
973 4132 1136 4186 distinction
1152 4132 1256 4186 etablie
