2888 4934
189 405 277 480 [nov.
294 402 384 476 1119]
520 398 635 459 imm
658 398 922 460 noonecmns.
1181 404 1242 466 eoo

189 556 300 631 quem
317 529 522 603 universalis
539 531 700 604 Ecclesiae
720 546 914 631 pastorem,
936 531 1074 630 sibique
1091 558 1241 607 consan-

191 646 361 744 guinitate
372 647 613 745 propinquum
623 649 778 744 agnovit.
793 652 909 735 Quem
918 651 1009 744 Papa
1017 646 1240 724 humiliatum

191 760 389 858 benigniter
405 761 529 851 erexit,
549 762 585 833 in
603 761 749 834 nomine
766 762 909 834 Domini
924 760 1120 852 benedixit,
1141 765 1242 836 dato·

191 901 264 974 qne
280 877 375 974 pacis
391 876 515 948 osculo
531 876 622 948 inter
636 893 779 949 mutuos
793 875 972 975 amplexus
987 892 1135 976 uterque
1151 880 1242 952 exul·

193 992 292 1064 tavit.
306 994 468 1089 Denique
480 992 526 1064 ed
538 991 754 1089 colloquium
768 993 982 1091 competenti
995 992 1084 1065 hora
1097 1009 1242 1068 ventum

193 1119 264 1196 est,
281 1118 317 1177 et
332 1107 382 1177 sic
401 1110 494 1202 Papa
513 1131 630 1203 regern
647 1106 780 1204 alloqui
798 1131 942 1178 exorsus
957 1122 1010 1180 est
1024 1135 1034 1180 t

242 1224 288 1290 ln
304 1219 450 1291 concilio
469 1223 632 1291 Remensi
650 1245 729 1291 cum
748 1223 880 1292 sancei
892 1221 1114 1318 presulibus,
1140 1222 1244 1294 attis-

193 1358 261 1432 que
279 1332 483 1430 proceribus
508 1349 543 1404 et
560 1333 655 1426 filiis
680 1335 841 1406 Ecclestie
867 1337 951 1418 Dei,
978 1339 1041 1433 qui
1060 1352 1246 1434 gratanter

188 1475 258 1547 per
275 1464 432 1520 nostram
451 1452 688 1520 invitationem
706 1450 790 1521 illuc
807 1467 1053 1536 convenerant,
1075 1448 1117 1520 de
1132 1451 1246 1524 sature

184 1564 350 1656 fidelium
361 1567 519 1650 tractavi,
534 1581 569 1636 et
576 1590 646 1661 pro
654 1591 743 1662 pace
754 1567 929 1636 communi
942 1590 997 1635 me
1008 1564 1246 1638 laboraturum

192 1705 412 1777 summopere
420 1683 580 1776 promiri.
598 1679 659 1750 Aa
668 1681 732 1751 irus
746 1683 851 1778 igitur
862 1697 995 1776 partes,
1010 1681 1242 1779 gloriosefili‚

189 1791 342 1886 festinus
358 1797 501 1879 accessi,
526 1808 561 1864 et
580 1819 642 1865 oro
660 1793 880 1865 clementiam
896 1797 1143 1891 omnipotenter
1160 1797 1242 1880 Dei,

195 1924 236 1980 ut
250 1911 324 2004 ipse
341 1924 487 1980 conatus
503 1924 640 1981 nostros
658 1907 850 2007 bem'gniter
870 1907 996 1995 videat,
1019 1934 1063 1980 ac
1078 1907 1130 1979 ad
1138 1934 1248 2007 gene-

196 2021 309 2093 ralem
338 2025 442 2095 tatius
467 2022 630 2095 Ecclesiae
659 2048 731 2094 ruae
756 2022 1034 2095 comnwdt'tatem
1061 2023 1249 2095 salubriter

194 2137 338 2237 dirigat.
358 2143 403 2209 ln
414 2139 545 2234 primis
562 2139 859 2236 magnificentiam
876 2153 974 2209 tuam
988 2137 1126 2211 obsecro
1142 2154 1182 2210 ut
1188 2141 1249 2235 pie

195 2251 293 2324 nabis
305 2255 512 2338 consentias,
531 2269 566 2323 et
579 2254 728 2325 inimt'cir
742 2255 810 2324 tuis
819 2278 946 2350 pacem
952 2279 1024 2350 per
1035 2279 1099 2325 nos
1104 2278 1250 2350 poscen-

197 2365 296 2454 tibus,
315 2382 355 2439 ut
372 2368 444 2439 reri
458 2367 658 2439 Salomonir
672 2368 784 2454 berec,
800 2369 972 2466 pacificus
980 2371 1069 2460 fies.
1088 2372 1250 2466 Cumque

195 2507 257 2555 rex
276 2483 479 2581 apostolicis
495 2482 714 2579 jussionibus
733 2485 950 2583 promisisset
965 2509 1004 2558 ce
1019 2484 1169 2557 libenter
1184 2484 1250 2556 ob·

197 2612 488 2696 temperaturum,
500 2603 593 2696 Pepa
602 2600 776 2673 sermonis
785 2601 838 2671 sni
848 2599 919 2672 tale
927 2600 1034 2671 sumit
1044 2599 1248 2671 exordium:

198 2717 270 2787 ten
286 2715 368 2798 Dei,
389 2716 521 2786 eunctis
530 2713 677 2808 provide
696 2713 897 2799 consulens,
920 2716 1070 2808 imperat
1086 2727 1127 2782 ut
1143 2737 1251 2782 unus·

196 2829 341 2926 quisque
359 2827 424 2924 jur
448 2852 550 2899 suum
573 2827 724 2924 legitime
736 2825 936 2923 possedeat,
957 2825 1021 2897 sed
1039 2825 1095 2896 r'es
1114 2825 1253 2896 alienat·

197 2965 270 3016 nun
282 2943 516 3037 concupierat,
533 2966 598 3013 nea
608 2940 676 3012 alii
685 2939 780 3040 quod
790 2939 859 3013 sibi
866 2941 951 3027 fieri
961 2965 1032 3012 non
1047 2937 1248 3036 vultfacuzt.

197 3052 360 3148 tsnodur
374 3053 629 3152 ergofidelr'um
642 3054 855 3153 generaliter
869 3053 1039 3139 decernit,
1061 3069 1096 3124 et
1111 3079 1135 3122 a
1148 3050 1253 3124 subli-

199 3171 321 3240 mitate
334 3185 410 3252 tua,
437 3194 563 3267 magne
584 3195 664 3258 rea,
688 3169 867 3241 luuniliter
883 3168 1089 3265 deposcitur
1107 3167 1254 3239 Radber-

200 3298 285 3368 tum,
297 3281 457 3378 fratrem
474 3298 586 3370 tuum,
608 3309 710 3382 quern
726 3286 765 3354 in
781 3285 924 3355 vinculic
931 3282 1075 3382 jamdiu
1093 3288 1248 3370 tenenti,

199 3397 367 3485 absolvas,
384 3402 482 3496 eique
495 3415 532 3470 et
533 3400 620 3491 filio
632 3399 709 3498 ejur
719 3399 883 3471 duonum
892 3402 1134 3487 Normanaree,
1151 3424 1253 3497 quem

199 3511 388 3600 abstulisti,
411 3516 585 3585 restituas.
608 3514 668 3585 His
685 3514 829 3603 auditis,
848 3513 1031 3612 respondit
1048 3538 1109 3585 rex
1129 3518 1252 3585 :Pra-

200 3632 308 3726 ceptis
328 3632 458 3717 vestro,
483 3628 667 3701 reverende
679 3645 797 3725 pater,
820 3627 1074 3701 rationabiliter
1091 3627 1253 3700 obsecun-

200 3741 299 3826 dabo,
322 3760 362 3815 ut
376 3743 420 3814 ab
440 3747 540 3815 initio
560 3742 742 3840 spopondi.
763 3748 868 3816 Nunc
886 3759 1004 3815 tamen
1020 3769 1103 3842 rogo
1119 3758 1157 3813 ut
1172 3740 1254 3813 dili·

198 3872 322 3952 genter
337 3858 503 3929 audiatur
522 3883 599 3954 quae
620 3857 674 3928 vel
694 3857 846 3954 qualiter
867 3860 933 3956 egi.
957 3863 1120 3928 Fratrem
1140 3880 1254 3925 meum

201 3969 329 4042 ducatu
348 3974 577 4043 Narmanniae
593 3996 664 4041 non
680 3973 837 4069 privavi;
854 3970 918 4043 sed
930 3970 1179 4043 bereditarium
1191 3968 1256 4066 jur

197 4088 315 4180 patric
338 4090 451 4157 nostri
469 4089 580 4156 armis
605 4085 792 4174 remlicari,
819 4086 913 4184 quad
932 4112 1003 4157 non
1014 4082 1138 4181 frater
1160 4107 1255 4154 meus
