<?xml version="1.0" encoding="UTF-8"?>
<!DOCTYPE html PUBLIC "-//W3C//DTD XHTML 1.0 Transitional//EN"
    "http://www.w3.org/TR/xhtml1/DTD/xhtml1-transitional.dtd">
<html xmlns="http://www.w3.org/1999/xhtml" xml:lang="en" lang="en">
 <head>
  <title>
</title>
<meta http-equiv="Content-Type" content="text/html;charset=utf-8" />
  <meta name='ocr-system' content='tesseract 3.04.00' />
  <meta name='ocr-capabilities' content='ocr_page ocr_carea ocr_par ocr_line ocrx_word'/>
</head>
<body>
  <div class='ocr_page' id='page_1' title='image "./ordericivitalis07deligoog/ordericivitalis07deligoog_0182.png"; bbox 0 0 2888 4934; ppageno 0'>
   <div class='ocr_carea' id='block_1_1' title="bbox 188 400 1241 481">
    <p class='ocr_par' dir='ltr' id='par_1_1' title="bbox 188 400 1241 481">
     <span class='ocr_line' id='line_1_1' title="bbox 188 400 1241 481; baseline -0.002 -14"><span class='ocrx_word' id='word_1_1' title='bbox 188 406 294 481; x_wconf 75' lang='lat'>[1102]</span> <span class='ocrx_word' id='word_1_2' title='bbox 522 400 900 466; x_wconf 76' lang='lat' dir='ltr'><strong>unmunnecruns.</strong></span> <span class='ocrx_word' id='word_1_3' title='bbox 1184 407 1241 465; x_wconf 76' lang='lat' dir='ltr'><strong>ras</strong></span> 
     </span>
    </p>
   </div>
   <div class='ocr_carea' id='block_1_2' title="bbox 187 536 1291 2159">
    <p class='ocr_par' dir='ltr' id='par_1_2' title="bbox 187 536 1291 2134">
     <span class='ocr_line' id='line_1_2' title="bbox 189 536 1239 636; baseline 0.004 -27"><span class='ocrx_word' id='word_1_4' title='bbox 189 562 267 635; x_wconf 76' lang='lat' dir='ltr'><strong>gem</strong></span> <span class='ocrx_word' id='word_1_5' title='bbox 277 550 314 609; x_wconf 87' lang='lat' dir='ltr'><strong>et</strong></span> <span class='ocrx_word' id='word_1_6' title='bbox 323 536 533 634; x_wconf 86' lang='lat' dir='ltr'><strong>episeopum</strong></span> <span class='ocrx_word' id='word_1_7' title='bbox 541 537 718 628; x_wconf 81' lang='lat' dir='ltr'><strong>lincoliae,</strong></span> <span class='ocrx_word' id='word_1_8' title='bbox 727 538 1157 634; x_wconf 89' lang='lat' dir='ltr'><strong>Simonemqueoomitem</strong></span> <span class='ocrx_word' id='word_1_9' title='bbox 1170 540 1239 636; x_wconf 85' lang='lat' dir='ltr'><strong>(l),</strong></span> 
     </span>
     <span class='ocr_line' id='line_1_3' title="bbox 190 651 1241 750; baseline 0 -24"><span class='ocrx_word' id='word_1_10' title='bbox 190 668 219 726; x_wconf 87' lang='lat' dir='ltr'><strong>et</strong></span> <span class='ocrx_word' id='word_1_11' title='bbox 233 657 386 725; x_wconf 88' lang='lat' dir='ltr'><strong>ivonem</strong></span> <span class='ocrx_word' id='word_1_12' title='bbox 404 653 562 750; x_wconf 85' lang='lat' dir='ltr'><strong>Hugonis</strong></span> <span class='ocrx_word' id='word_1_13' title='bbox 579 651 704 726; x_wconf 89' lang='lat' dir='ltr'><strong>filium.</strong></span> <span class='ocrx_word' id='word_1_14' title='bbox 725 653 891 726; x_wconf 86' lang='lat' dir='ltr'><strong>Praesatus</strong></span> <span class='ocrx_word' id='word_1_15' title='bbox 912 667 1030 737; x_wconf 90' lang='lat' dir='ltr'><strong>autem</strong></span> <span class='ocrx_word' id='word_1_16' title='bbox 1052 653 1177 725; x_wconf 91' lang='lat' dir='ltr'><strong>consul</strong></span> <span class='ocrx_word' id='word_1_17' title='bbox 1195 653 1241 726; x_wconf 92' lang='lat' dir='ltr'><strong>de</strong></span> 
     </span>
     <span class='ocr_line' id='line_1_4' title="bbox 188 756 1243 867; baseline 0.002 -26"><span class='ocrx_word' id='word_1_18' title='bbox 188 756 354 841; x_wconf 61' lang='lat' dir='ltr'><strong>Mento</strong></span> <span class='ocrx_word' id='word_1_19' title='bbox 379 772 605 867; x_wconf 78' lang='lat' dir='ltr'><strong>per&#39;pa&#39;rtem</strong></span> <span class='ocrx_word' id='word_1_20' title='bbox 633 769 770 857; x_wconf 85' lang='lat' dir='ltr'><strong>lvonis,</strong></span> <span class='ocrx_word' id='word_1_21' title='bbox 799 770 862 866; x_wconf 93' lang='lat' dir='ltr'><strong>qui</strong></span> <span class='ocrx_word' id='word_1_22' title='bbox 891 770 1074 867; x_wconf 83' lang='lat' dir='ltr'><strong>municeps</strong></span> <span class='ocrx_word' id='word_1_23' title='bbox 1102 784 1177 841; x_wconf 88' lang='lat' dir='ltr'><strong>erat</strong></span> <span class='ocrx_word' id='word_1_24' title='bbox 1207 786 1243 843; x_wconf 89' lang='lat' dir='ltr'><strong>et</strong></span> 
     </span>
     <span class='ocr_line' id='line_1_5' title="bbox 190 880 1244 980; baseline 0.004 -25"><span class='ocrx_word' id='word_1_25' title='bbox 190 885 385 957; x_wconf 71' lang='lat' dir='ltr'><strong>vicecomes</strong></span> <span class='ocrx_word' id='word_1_26' title='bbox 417 896 454 956; x_wconf 85' lang='lat' dir='ltr'><strong>et</strong></span> <span class='ocrx_word' id='word_1_27' title='bbox 481 880 661 965; x_wconf 60' lang='lat' dir='ltr'><strong>,iwanus</strong></span> <span class='ocrx_word' id='word_1_28' title='bbox 698 885 811 980; x_wconf 85' lang='lat' dir='ltr'><strong>regis,</strong></span> <span class='ocrx_word' id='word_1_29' title='bbox 846 884 973 958; x_wconf 88' lang='lat' dir='ltr'><strong>callide</strong></span> <span class='ocrx_word' id='word_1_30' title='bbox 1008 886 1170 975; x_wconf 85' lang='lat' dir='ltr'><strong>intravit,</strong></span> <span class='ocrx_word' id='word_1_31' title='bbox 1208 902 1244 959; x_wconf 93' lang='lat' dir='ltr'><strong>et</strong></span> 
     </span>
     <span class='ocr_line' id='line_1_6' title="bbox 189 998 1242 1096; baseline -0.001 -23"><span class='ocrx_word' id='word_1_32' title='bbox 189 999 318 1073; x_wconf 77' lang='lat' dir='ltr'><strong>auxilio</strong></span> <span class='ocrx_word' id='word_1_33' title='bbox 339 999 447 1095; x_wconf 84' lang='lat' dir='ltr'><strong>regis,</strong></span> <span class='ocrx_word' id='word_1_34' title='bbox 472 1018 608 1096; x_wconf 73' lang='lat' dir='ltr'><strong>suaque</strong></span> <span class='ocrx_word' id='word_1_35' title='bbox 631 998 821 1072; x_wconf 85' lang='lat' dir='ltr'><strong>calliditate</strong></span> <span class='ocrx_word' id='word_1_36' title='bbox 843 1014 955 1072; x_wconf 90' lang='lat' dir='ltr'><strong>totam</strong></span> <span class='ocrx_word' id='word_1_37' title='bbox 974 999 1045 1072; x_wconf 82' lang='lat' dir='ltr'><strong>sibi</strong></span> <span class='ocrx_word' id='word_1_38' title='bbox 1065 1000 1242 1073; x_wconf 85' lang='lat' dir='ltr'><strong>civitatem</strong></span> 
     </span>
     <span class='ocr_line' id='line_1_7' title="bbox 190 1115 1244 1214; baseline -0.006 -21"><span class='ocrx_word' id='word_1_39' title='bbox 190 1116 423 1214; x_wconf 74' lang='lat' dir='ltr'><strong>mancipavit,</strong></span> <span class='ocrx_word' id='word_1_40' title='bbox 449 1129 485 1188; x_wconf 92' lang='lat' dir='ltr'><strong>et</strong></span> <span class='ocrx_word' id='word_1_41' title='bbox 507 1115 592 1188; x_wconf 93' lang='lat' dir='ltr'><strong>inde</strong></span> <span class='ocrx_word' id='word_1_42' title='bbox 616 1115 742 1188; x_wconf 94' lang='lat' dir='ltr'><strong>consul</strong></span> <span class='ocrx_word' id='word_1_43' title='bbox 762 1117 799 1188; x_wconf 93' lang='lat' dir='ltr'><strong>in</strong></span> <span class='ocrx_word' id='word_1_44' title='bbox 822 1116 942 1213; x_wconf 73' lang='lat' dir='ltr'><strong>Anglia</strong></span> <span class='ocrx_word' id='word_1_45' title='bbox 967 1116 1094 1207; x_wconf 84' lang='lat' dir='ltr'><strong>sactus,</strong></span> <span class='ocrx_word' id='word_1_46' title='bbox 1118 1141 1244 1189; x_wconf 91' lang='lat' dir='ltr'><strong>omnes</strong></span> 
     </span>
     <span class='ocr_line' id='line_1_8' title="bbox 189 1228 1244 1333; baseline 0.001 -31"><span class='ocrx_word' id='word_1_47' title='bbox 189 1232 287 1333; x_wconf 77' lang='lat' dir='ltr'><strong>regni</strong></span> <span class='ocrx_word' id='word_1_48' title='bbox 301 1254 469 1329; x_wconf 84' lang='lat' dir='ltr'><strong>proceres</strong></span> <span class='ocrx_word' id='word_1_49' title='bbox 486 1228 617 1302; x_wconf 88' lang='lat' dir='ltr'><strong>divitiis</strong></span> <span class='ocrx_word' id='word_1_50' title='bbox 640 1245 675 1302; x_wconf 91' lang='lat' dir='ltr'><strong>et</strong></span> <span class='ocrx_word' id='word_1_51' title='bbox 694 1245 868 1328; x_wconf 82' lang='lat' dir='ltr'><strong>potestate</strong></span> <span class='ocrx_word' id='word_1_52' title='bbox 887 1232 1080 1329; x_wconf 84' lang='lat' dir='ltr'><strong>praecessit,</strong></span> <span class='ocrx_word' id='word_1_53' title='bbox 1101 1247 1137 1303; x_wconf 94' lang='lat' dir='ltr'><strong>et</strong></span> <span class='ocrx_word' id='word_1_54' title='bbox 1152 1256 1244 1329; x_wconf 88' lang='lat' dir='ltr'><strong>pene</strong></span> 
     </span>
     <span class='ocr_line' id='line_1_9' title="bbox 189 1346 1245 1445; baseline 0.002 -29"><span class='ocrx_word' id='word_1_55' title='bbox 189 1368 314 1421; x_wconf 83' lang='lat' dir='ltr'><strong>ornnes</strong></span> <span class='ocrx_word' id='word_1_56' title='bbox 337 1360 502 1444; x_wconf 70' lang='lat' dir='ltr'><strong>parentes</strong></span> <span class='ocrx_word' id='word_1_57' title='bbox 525 1369 609 1418; x_wconf 90' lang='lat' dir='ltr'><strong>suos</strong></span> <span class='ocrx_word' id='word_1_58' title='bbox 634 1346 863 1421; x_wconf 84' lang='lat' dir='ltr'><strong>transcendit.</strong></span> <span class='ocrx_word' id='word_1_59' title='bbox 889 1346 1077 1421; x_wconf 84' lang='lat' dir='ltr'><strong>Pulchram</strong></span> <span class='ocrx_word' id='word_1_60' title='bbox 1099 1370 1245 1445; x_wconf 89' lang='lat' dir='ltr'><strong>quoque</strong></span> 
     </span>
     <span class='ocr_line' id='line_1_10' title="bbox 188 1457 1244 1561; baseline 0.002 -31"><span class='ocrx_word' id='word_1_61' title='bbox 188 1457 330 1549; x_wconf 72' lang='lat' dir='ltr'><strong>lubel,</strong></span> <span class='ocrx_word' id='word_1_62' title='bbox 346 1461 438 1556; x_wconf 84' lang='lat' dir='ltr'><strong>regis</strong></span> <span class='ocrx_word' id='word_1_63' title='bbox 447 1475 592 1559; x_wconf 88' lang='lat' dir='ltr'><strong>neptem</strong></span> <span class='ocrx_word' id='word_1_64' title='bbox 603 1461 769 1550; x_wconf 79' lang='lat' dir='ltr'><strong>Francia,</strong></span> <span class='ocrx_word' id='word_1_65' title='bbox 788 1485 935 1536; x_wconf 79' lang='lat' dir='ltr'><strong>uxorem</strong></span> <span class='ocrx_word' id='word_1_66' title='bbox 943 1461 1067 1534; x_wconf 87' lang='lat' dir='ltr'><strong>habuit</strong></span> <span class='ocrx_word' id='word_1_67' title='bbox 1081 1461 1150 1558; x_wconf 80' lang='lat'>(2),</span> <span class='ocrx_word' id='word_1_68' title='bbox 1166 1486 1244 1561; x_wconf 83' lang='lat' dir='ltr'><strong>quae</strong></span> 
     </span>
     <span class='ocr_line' id='line_1_11' title="bbox 188 1575 1245 1674; baseline -0.002 -25"><span class='ocrx_word' id='word_1_69' title='bbox 188 1575 366 1672; x_wconf 77' lang='lat' dir='ltr'><strong>geminam</strong></span> <span class='ocrx_word' id='word_1_70' title='bbox 382 1575 416 1647; x_wconf 89' lang='lat' dir='ltr'><strong>ei</strong></span> <span class='ocrx_word' id='word_1_71' title='bbox 431 1575 584 1674; x_wconf 86' lang='lat' dir='ltr'><strong>prolem,</strong></span> <span class='ocrx_word' id='word_1_72' title='bbox 597 1575 863 1649; x_wconf 89' lang='lat' dir='ltr'><strong>Gualerannum</strong></span> <span class='ocrx_word' id='word_1_73' title='bbox 881 1591 917 1648; x_wconf 93' lang='lat' dir='ltr'><strong>et</strong></span> <span class='ocrx_word' id='word_1_74' title='bbox 934 1577 1168 1666; x_wconf 82' lang='lat' dir='ltr'><strong>Rodbertum,</strong></span> <span class='ocrx_word' id='word_1_75' title='bbox 1184 1601 1245 1674; x_wconf 90' lang='lat' dir='ltr'><strong>pe·</strong></span> 
     </span>
     <span class='ocr_line' id='line_1_12' title="bbox 188 1689 1245 1790; baseline 0.001 -29"><span class='ocrx_word' id='word_1_76' title='bbox 188 1691 294 1787; x_wconf 86' lang='lat' dir='ltr'><strong>perit,</strong></span> <span class='ocrx_word' id='word_1_77' title='bbox 316 1713 359 1763; x_wconf 90' lang='lat' dir='ltr'><strong>ac</strong></span> <span class='ocrx_word' id='word_1_78' title='bbox 375 1694 582 1787; x_wconf 86' lang='lat' dir='ltr'><strong>Hugonem‚</strong></span> <span class='ocrx_word' id='word_1_79' title='bbox 606 1706 848 1787; x_wconf 85' lang='lat' dir='ltr'><strong>cognomento</strong></span> <span class='ocrx_word' id='word_1_80' title='bbox 867 1696 1082 1790; x_wconf 88' lang='lat' dir='ltr'><strong>Pauperem,</strong></span> <span class='ocrx_word' id='word_1_81' title='bbox 1103 1705 1138 1763; x_wconf 90' lang='lat' dir='ltr'><strong>et</strong></span> <span class='ocrx_word' id='word_1_82' title='bbox 1155 1689 1245 1762; x_wconf 85' lang='lat' dir='ltr'><strong>filias</strong></span> 
     </span>
     <span class='ocr_line' id='line_1_13' title="bbox 188 1803 1291 1911; baseline 0.001 -35"><span class='ocrx_word' id='word_1_83' title='bbox 188 1804 351 1911; x_wconf 71' lang='lat' dir='ltr'><strong>prinque</strong></span> <span class='ocrx_word' id='word_1_84' title='bbox 367 1804 433 1902; x_wconf 83' lang='lat'><strong>(3)</strong></span> <span class='ocrx_word' id='word_1_85' title='bbox 459 1809 555 1879; x_wconf 89' lang='lat' dir='ltr'><strong>lnter</strong></span> <span class='ocrx_word' id='word_1_86' title='bbox 582 1819 636 1876; x_wconf 93' lang='lat' dir='ltr'><strong>tot</strong></span> <span class='ocrx_word' id='word_1_87' title='bbox 660 1803 799 1885; x_wconf 84' lang='lat' dir='ltr'><strong>divitias</strong></span> <span class='ocrx_word' id='word_1_88' title='bbox 827 1820 947 1879; x_wconf 89' lang='lat' dir='ltr'><strong>mente</strong></span> <span class='ocrx_word' id='word_1_89' title='bbox 973 1820 1138 1895; x_wconf 75' lang='lat' dir='ltr'><strong>cecatus,</strong></span> <span class='ocrx_word' id='word_1_90' title='bbox 1170 1803 1244 1877; x_wconf 84' lang='lat' dir='ltr'><strong>lilio</strong></span> <span class='ocrx_word' id='word_1_91' title='bbox 1287 1825 1291 1834; x_wconf 88' lang='lat'>·</span> 
     </span>
     <span class='ocr_line' id='line_1_14' title="bbox 188 1916 1245 2018; baseline 0.002 -28"><span class='ocrx_word' id='word_1_92' title='bbox 188 1920 305 2001; x_wconf 79' lang='lat' dir='ltr'><strong>lr&#39;onis</strong></span> <span class='ocrx_word' id='word_1_93' title='bbox 329 1916 579 2016; x_wconf 81' lang='lat' dir='ltr'><strong>jusjurandum</strong></span> <span class='ocrx_word' id='word_1_94' title='bbox 609 1945 684 1992; x_wconf 90' lang='lat' dir='ltr'><strong>non</strong></span> <span class='ocrx_word' id='word_1_95' title='bbox 711 1921 881 2012; x_wconf 80' lang='lat' dir='ltr'><strong>servavit,</strong></span> <span class='ocrx_word' id='word_1_96' title='bbox 917 1921 1001 2018; x_wconf 90' lang='lat' dir='ltr'><strong>quia</strong></span> <span class='ocrx_word' id='word_1_97' title='bbox 1034 1919 1131 1995; x_wconf 87' lang='lat' dir='ltr'><strong>idem</strong></span> <span class='ocrx_word' id='word_1_98' title='bbox 1157 1918 1245 1992; x_wconf 91' lang='lat' dir='ltr'><strong>ado·</strong></span> 
     </span>
     <span class='ocr_line' id='line_1_15' title="bbox 187 2022 1245 2159; baseline -0.002 -50"><span class='ocrx_word' id='word_1_99' title='bbox 187 2032 476 2159; x_wconf 63' lang='lat' dir='ltr'><strong>leemetatuto</strong></span> <span class='ocrx_word' id='word_1_100' title='bbox 504 2049 667 2135; x_wconf 71' lang='lat' dir='ltr'><strong>tempore</strong></span> <span class='ocrx_word' id='word_1_101' title='bbox 685 2036 838 2133; x_wconf 79' lang='lat' dir='ltr'><strong>juratam</strong></span> <span class='ocrx_word' id='word_1_102' title='bbox 860 2036 1049 2126; x_wconf 88' lang='lat' dir='ltr'><strong>seminam,</strong></span> <span class='ocrx_word' id='word_1_103' title='bbox 1068 2022 1245 2108; x_wconf 77' lang='lat' dir='ltr'><strong>her&#39;edita·</strong></span> 
     </span>
    </p>
   </div>
   <div class='ocr_carea' id='block_1_3' title="bbox 188 2149 1313 2359">
    <p class='ocr_par' dir='ltr' id='par_1_3' title="bbox 188 2149 1313 2359">
     <span class='ocr_line' id='line_1_16' title="bbox 365 2149 773 2223; baseline 0.005 -2"><span class='ocrx_word' id='word_1_104' title='bbox 365 2149 529 2223; x_wconf 92' lang='lat' dir='ltr'><strong>tellurem</strong></span> <span class='ocrx_word' id='word_1_105' title='bbox 544 2172 620 2223; x_wconf 93' lang='lat' dir='ltr'><strong>non</strong></span> <span class='ocrx_word' id='word_1_106' title='bbox 636 2150 773 2223; x_wconf 89' lang='lat' dir='ltr'><strong>habuit.</strong></span> 
     </span>
     <span class='ocr_line' id='line_1_17' title="bbox 188 2151 1313 2359; baseline 0.004 -23"><span class='ocrx_word' id='word_1_107' title='bbox 188 2151 425 2337; x_wconf 60' lang='grc' dir='ltr'><strong>Ὕηυο</strong></span> <span class='ocrx_word' id='word_1_108' title='bbox 446 2265 492 2338; x_wconf 92' lang='lat' dir='ltr'><strong>ab</strong></span> <span class='ocrx_word' id='word_1_109' title='bbox 508 2267 755 2341; x_wconf 80' lang='lat' dir='ltr'><strong>incarnatione</strong></span> <span class='ocrx_word' id='word_1_110' title='bbox 773 2269 921 2341; x_wconf 90' lang='lat' dir='ltr'><strong>Domini</strong></span> <span class='ocrx_word' id='word_1_111' title='bbox 939 2275 982 2341; x_wconf 83' lang='lat' dir='ltr'><strong>rr⁰</strong></span> <span class='ocrx_word' id='word_1_112' title='bbox 1002 2277 1035 2342; x_wconf 85' lang='lat' dir='ltr'><strong>c⁰</strong></span> <span class='ocrx_word' id='word_1_113' title='bbox 1054 2277 1105 2359; x_wconf 83' lang='lat'>11⁰,</span> <span class='ocrx_word' id='word_1_114' title='bbox 1130 2267 1243 2357; x_wconf 80' lang='lat' dir='ltr'><strong>indic·</strong></span> <span class='ocrx_word' id='word_1_115' title='bbox 1307 2248 1313 2256; x_wconf 18' lang='lat' dir='ltr'><strong>l</strong></span> 
     </span>
    </p>
   </div>
   <div class='ocr_carea' id='block_1_4' title="bbox 187 2380 1247 3174">
    <p class='ocr_par' dir='ltr' id='par_1_4' title="bbox 187 2380 1247 3174">
     <span class='ocr_line' id='line_1_18' title="bbox 188 2380 1246 2483; baseline 0.001 -30"><span class='ocrx_word' id='word_1_116' title='bbox 188 2380 285 2454; x_wconf 90' lang='lat' dir='ltr'><strong>tione</strong></span> <span class='ocrx_word' id='word_1_117' title='bbox 293 2386 344 2471; x_wconf 67' lang='grc' dir='ltr'><strong>ι’,</strong></span> <span class='ocrx_word' id='word_1_118' title='bbox 355 2382 528 2454; x_wconf 84' lang='lat' dir='ltr'><strong>Henricus</strong></span> <span class='ocrx_word' id='word_1_119' title='bbox 536 2406 599 2454; x_wconf 76' lang='lat' dir='ltr'><strong>rex</strong></span> <span class='ocrx_word' id='word_1_120' title='bbox 610 2382 830 2456; x_wconf 82' lang='lat' dir='ltr'><strong>Rodbertum</strong></span> <span class='ocrx_word' id='word_1_121' title='bbox 838 2385 885 2457; x_wconf 94' lang='lat' dir='ltr'><strong>de</strong></span> <span class='ocrx_word' id='word_1_122' title='bbox 897 2384 1062 2474; x_wconf 84' lang='lat' dir='ltr'><strong>Belismo,</strong></span> <span class='ocrx_word' id='word_1_123' title='bbox 1076 2385 1246 2483; x_wconf 88' lang='lat' dir='ltr'><strong>potentis·</strong></span> 
     </span>
     <span class='ocr_line' id='line_1_19' title="bbox 187 2496 1245 2590; baseline -0.001 -21"><span class='ocrx_word' id='word_1_124' title='bbox 187 2496 319 2569; x_wconf 82' lang='lat' dir='ltr'><strong>simum</strong></span> <span class='ocrx_word' id='word_1_125' title='bbox 331 2497 512 2588; x_wconf 87' lang='lat' dir='ltr'><strong>comitem,</strong></span> <span class='ocrx_word' id='word_1_126' title='bbox 526 2497 572 2570; x_wconf 90' lang='lat' dir='ltr'><strong>ad</strong></span> <span class='ocrx_word' id='word_1_127' title='bbox 586 2498 721 2573; x_wconf 90' lang='lat' dir='ltr'><strong>curiam</strong></span> <span class='ocrx_word' id='word_1_128' title='bbox 734 2524 836 2573; x_wconf 88' lang='lat' dir='ltr'><strong>suam</strong></span> <span class='ocrx_word' id='word_1_129' title='bbox 848 2499 982 2590; x_wconf 85' lang='lat' dir='ltr'><strong>ascivit,</strong></span> <span class='ocrx_word' id='word_1_130' title='bbox 996 2515 1031 2572; x_wconf 88' lang='lat' dir='ltr'><strong>et</strong></span> <span class='ocrx_word' id='word_1_131' title='bbox 1044 2525 1112 2571; x_wconf 74' lang='lat' dir='ltr'><strong>xcv</strong></span> <span class='ocrx_word' id='word_1_132' title='bbox 1128 2514 1245 2570; x_wconf 84' lang='lat' dir='ltr'><strong>reatus</strong></span> 
     </span>
     <span class='ocr_line' id='line_1_20' title="bbox 188 2610 1245 2703; baseline 0 -20"><span class='ocrx_word' id='word_1_133' title='bbox 188 2610 333 2684; x_wconf 77' lang='lat' dir='ltr'><strong>infectis</strong></span> <span class='ocrx_word' id='word_1_134' title='bbox 342 2636 406 2685; x_wconf 88' lang='lat' dir='ltr'><strong>seu</strong></span> <span class='ocrx_word' id='word_1_135' title='bbox 416 2612 517 2691; x_wconf 84' lang='lat' dir='ltr'><strong>dictis</strong></span> <span class='ocrx_word' id='word_1_136' title='bbox 527 2630 655 2688; x_wconf 86' lang='lat' dir='ltr'><strong>contra</strong></span> <span class='ocrx_word' id='word_1_137' title='bbox 666 2641 705 2689; x_wconf 87' lang='lat' dir='ltr'><strong>ee</strong></span> <span class='ocrx_word' id='word_1_138' title='bbox 716 2616 773 2688; x_wconf 89' lang='lat' dir='ltr'><strong>vel</strong></span> <span class='ocrx_word' id='word_1_139' title='bbox 786 2616 929 2689; x_wconf 85' lang='lat' dir='ltr'><strong>fratrem</strong></span> <span class='ocrx_word' id='word_1_140' title='bbox 939 2639 1058 2703; x_wconf 91' lang='lat' dir='ltr'><strong>suum,</strong></span> <span class='ocrx_word' id='word_1_141' title='bbox 1070 2617 1245 2685; x_wconf 88' lang='lat' dir='ltr'><strong>Norman·</strong></span> 
     </span>
     <span class='ocr_line' id='line_1_21' title="bbox 188 2726 1245 2828; baseline -0.004 -25"><span class='ocrx_word' id='word_1_142' title='bbox 188 2726 408 2820; x_wconf 56' lang='lat' dir='ltr'><strong>reducem,</strong></span> <span class='ocrx_word' id='word_1_143' title='bbox 425 2732 635 2805; x_wconf 82' lang='lat' dir='ltr'><strong>commissor</strong></span> <span class='ocrx_word' id='word_1_144' title='bbox 652 2732 795 2828; x_wconf 90' lang='lat' dir='ltr'><strong>objecit,</strong></span> <span class='ocrx_word' id='word_1_145' title='bbox 814 2747 850 2804; x_wconf 92' lang='lat' dir='ltr'><strong>et</strong></span> <span class='ocrx_word' id='word_1_146' title='bbox 863 2730 909 2803; x_wconf 92' lang='lat' dir='ltr'><strong>de</strong></span> <span class='ocrx_word' id='word_1_147' title='bbox 923 2730 1070 2826; x_wconf 80' lang='lat' dir='ltr'><strong>singulis</strong></span> <span class='ocrx_word' id='word_1_148' title='bbox 1083 2753 1166 2800; x_wconf 93' lang='lat' dir='ltr'><strong>eum</strong></span> <span class='ocrx_word' id='word_1_149' title='bbox 1178 2751 1245 2825; x_wconf 93' lang='lat' dir='ltr'><strong>pa-</strong></span> 
     </span>
     <span class='ocr_line' id='line_1_22' title="bbox 188 2840 1247 2945; baseline -0.004 -28"><span class='ocrx_word' id='word_1_150' title='bbox 188 2840 257 2917; x_wconf 75' lang='lat' dir='ltr'><strong>um</strong></span> <span class='ocrx_word' id='word_1_151' title='bbox 272 2844 497 2943; x_wconf 75' lang='lat' dir='ltr'><strong>respondere</strong></span> <span class='ocrx_word' id='word_1_152' title='bbox 508 2848 686 2945; x_wconf 75' lang='lat' dir='ltr'><strong>precepit.</strong></span> <span class='ocrx_word' id='word_1_153' title='bbox 703 2847 896 2944; x_wconf 84' lang='lat' dir='ltr'><strong>Diligenter</strong></span> <span class='ocrx_word' id='word_1_154' title='bbox 908 2847 1006 2919; x_wconf 90' lang='lat' dir='ltr'><strong>enim</strong></span> <span class='ocrx_word' id='word_1_155' title='bbox 1019 2868 1102 2915; x_wconf 91' lang='lat' dir='ltr'><strong>eum</strong></span> <span class='ocrx_word' id='word_1_156' title='bbox 1117 2842 1247 2914; x_wconf 79' lang='lat' dir='ltr'><strong>lecerat</strong></span> 
     </span>
     <span class='ocr_line' id='line_1_23' title="bbox 188 2950 1247 3060; baseline -0.003 -30"><span class='ocrx_word' id='word_1_157' title='bbox 188 2982 249 3055; x_wconf 86' lang='lat' dir='ltr'><strong>per</strong></span> <span class='ocrx_word' id='word_1_158' title='bbox 261 2950 526 3037; x_wconf 79' lang='lat' dir='ltr'><strong>normannum</strong></span> <span class='ocrx_word' id='word_1_159' title='bbox 541 2961 734 3060; x_wconf 79' lang='lat' dir='ltr'><strong>explorari,</strong></span> <span class='ocrx_word' id='word_1_160' title='bbox 753 2976 788 3033; x_wconf 91' lang='lat' dir='ltr'><strong>et</strong></span> <span class='ocrx_word' id='word_1_161' title='bbox 805 2959 1054 3058; x_wconf 88' lang='lat' dir='ltr'><strong>vituperabiles</strong></span> <span class='ocrx_word' id='word_1_162' title='bbox 1068 2972 1165 3029; x_wconf 87' lang='lat' dir='ltr'><strong>actus</strong></span> <span class='ocrx_word' id='word_1_163' title='bbox 1182 2980 1247 3055; x_wconf 86' lang='lat' dir='ltr'><strong>per</strong></span> 
     </span>
     <span class='ocr_line' id='line_1_24' title="bbox 189 3072 1245 3174; baseline -0.003 -28"><span class='ocrx_word' id='word_1_164' title='bbox 189 3072 345 3169; x_wconf 78' lang='lat' dir='ltr'><strong>privatos</strong></span> <span class='ocrx_word' id='word_1_165' title='bbox 367 3074 609 3174; x_wconf 84' lang='lat' dir='ltr'><strong>exploratores</strong></span> <span class='ocrx_word' id='word_1_166' title='bbox 631 3091 735 3149; x_wconf 88' lang='lat' dir='ltr'><strong>caute</strong></span> <span class='ocrx_word' id='word_1_167' title='bbox 756 3075 974 3172; x_wconf 84' lang='lat' dir='ltr'><strong>investigari,</strong></span> <span class='ocrx_word' id='word_1_168' title='bbox 999 3096 1245 3171; x_wconf 91' lang='lat' dir='ltr'><strong>summopere-</strong></span> 
     </span>
    </p>
   </div>
   <div class='ocr_carea' id='block_1_5' title="bbox 191 3336 1248 4209">
    <p class='ocr_par' dir='ltr' id='par_1_5' title="bbox 191 3336 1246 3602">
     <span class='ocr_line' id='line_1_25' title="bbox 219 3336 1246 3425; baseline -0.004 -18"><span class='ocrx_word' id='word_1_169' title='bbox 219 3351 260 3424; x_wconf 87' lang='grc'><strong>(1)</strong></span> <span class='ocrx_word' id='word_1_170' title='bbox 271 3351 370 3409; x_wconf 86' lang='lat' dir='ltr'><strong>Simon</strong></span> <span class='ocrx_word' id='word_1_171' title='bbox 382 3352 429 3409; x_wconf 87' lang='lat' dir='ltr'><strong>de</strong></span> <span class='ocrx_word' id='word_1_172' title='bbox 432 3353 531 3423; x_wconf 83' lang='lat' dir='ltr'><strong>Senlie,</strong></span> <span class='ocrx_word' id='word_1_173' title='bbox 549 3365 640 3409; x_wconf 87' lang='lat' dir='ltr'><strong>comte</strong></span> <span class='ocrx_word' id='word_1_174' title='bbox 653 3336 906 3425; x_wconf 54' lang='lat' dir='ltr'><strong>&amp;filingdom</strong></span> <span class='ocrx_word' id='word_1_175' title='bbox 919 3370 955 3407; x_wconf 87' lang='lat' dir='ltr'><strong>an</strong></span> <span class='ocrx_word' id='word_1_176' title='bbox 968 3350 1044 3407; x_wconf 88' lang='lat' dir='ltr'><strong>droit</strong></span> <span class='ocrx_word' id='word_1_177' title='bbox 1055 3349 1090 3404; x_wconf 89' lang='lat' dir='ltr'><strong>de</strong></span> <span class='ocrx_word' id='word_1_178' title='bbox 1105 3367 1133 3404; x_wconf 84' lang='lat' dir='ltr'><strong>sa</strong></span> <span class='ocrx_word' id='word_1_179' title='bbox 1145 3348 1246 3404; x_wconf 84' lang='lat' dir='ltr'><strong>lemme</strong></span> 
     </span>
     <span class='ocr_line' id='line_1_26' title="bbox 191 3428 1245 3512; baseline -0.002 -19"><span class='ocrx_word' id='word_1_180' title='bbox 191 3438 335 3509; x_wconf 65' lang='lat' dir='ltr'><strong>truitae,</strong></span> <span class='ocrx_word' id='word_1_181' title='bbox 357 3439 471 3496; x_wconf 85' lang='lat' dir='ltr'><strong>lilledo</strong></span> <span class='ocrx_word' id='word_1_182' title='bbox 488 3428 684 3497; x_wconf 62' lang='lat' dir='ltr'><strong>malheurenf·</strong></span> <span class='ocrx_word' id='word_1_183' title='bbox 675 3450 788 3503; x_wconf 70' lang='lat' dir='ltr'><strong>‘m</strong></span> <span class='ocrx_word' id='word_1_184' title='bbox 802 3440 957 3497; x_wconf 80' lang='lat' dir='ltr'><strong>Waltheot.</strong></span> <span class='ocrx_word' id='word_1_185' title='bbox 981 3439 1074 3512; x_wconf 80' lang='lat' dir='ltr'><strong>Voyez</strong></span> <span class='ocrx_word' id='word_1_186' title='bbox 1096 3437 1245 3504; x_wconf 83' lang='lat' dir='ltr'><strong>ci-dessus,</strong></span> 
     </span>
     <span class='ocr_line' id='line_1_27' title="bbox 191 3528 743 3602; baseline 0.004 -20"><span class='ocrx_word' id='word_1_187' title='bbox 191 3528 261 3594; x_wconf 69' lang='lat' dir='ltr'><strong>cll,</strong></span> <span class='ocrx_word' id='word_1_188' title='bbox 275 3547 305 3602; x_wconf 90' lang='lat' dir='ltr'><strong>p</strong></span> <span class='ocrx_word' id='word_1_189' title='bbox 317 3531 382 3588; x_wconf 67' lang='lat' dir='ltr'><strong>itt</strong></span> <span class='ocrx_word' id='word_1_190' title='bbox 700 3548 743 3583; x_wconf 64' lang='lat' dir='ltr'><strong>u*</strong></span> 
     </span>
    </p>

    <p class='ocr_par' dir='ltr' id='par_1_6' title="bbox 219 3615 1007 3690">
     <span class='ocr_line' id='line_1_28' title="bbox 219 3615 1007 3690; baseline -0.007 -15"><span class='ocrx_word' id='word_1_191' title='bbox 219 3618 260 3688; x_wconf 77' lang='lat'><strong>(2)</strong></span> <span class='ocrx_word' id='word_1_192' title='bbox 271 3615 417 3673; x_wconf 80' lang='lat' dir='ltr'><strong>Elisabeth</strong></span> <span class='ocrx_word' id='word_1_193' title='bbox 428 3616 463 3674; x_wconf 86' lang='lat' dir='ltr'><strong>de</strong></span> <span class='ocrx_word' id='word_1_194' title='bbox 475 3616 671 3686; x_wconf 78' lang='lat' dir='ltr'><strong>vermandois,</strong></span> <span class='ocrx_word' id='word_1_195' title='bbox 686 3617 765 3673; x_wconf 69' lang='lat' dir='ltr'><strong>niece</strong></span> <span class='ocrx_word' id='word_1_196' title='bbox 776 3615 811 3672; x_wconf 86' lang='lat' dir='ltr'><strong>de</strong></span> <span class='ocrx_word' id='word_1_197' title='bbox 824 3615 1007 3690; x_wconf 55' lang='lat' dir='ltr'><strong>Philippel&#39;&amp;</strong></span> 
     </span>
    </p>

    <p class='ocr_par' dir='ltr' id='par_1_7' title="bbox 191 3698 1248 4209">
     <span class='ocr_line' id='line_1_29' title="bbox 220 3698 1247 3779; baseline -0.009 -17"><span class='ocrx_word' id='word_1_198' title='bbox 220 3705 259 3778; x_wconf 76' lang='grc'><strong>(3)</strong></span> <span class='ocrx_word' id='word_1_199' title='bbox 274 3705 408 3775; x_wconf 65' lang='lat' dir='ltr'><strong>Galeam</strong></span> <span class='ocrx_word' id='word_1_200' title='bbox 420 3717 512 3762; x_wconf 86' lang='lat' dir='ltr'><strong>comte</strong></span> <span class='ocrx_word' id='word_1_201' title='bbox 522 3707 557 3762; x_wconf 90' lang='lat' dir='ltr'><strong>de</strong></span> <span class='ocrx_word' id='word_1_202' title='bbox 567 3706 679 3762; x_wconf 83' lang='lat' dir='ltr'><strong>Meulan</strong></span> <span class='ocrx_word' id='word_1_203' title='bbox 690 3707 770 3779; x_wconf 72' lang='lat' dir='ltr'><strong>apres</strong></span> <span class='ocrx_word' id='word_1_204' title='bbox 778 3723 829 3762; x_wconf 82' lang='lat' dir='ltr'><strong>son</strong></span> <span class='ocrx_word' id='word_1_205' title='bbox 838 3707 918 3776; x_wconf 72' lang='lat' dir='ltr'><strong>pere</strong></span> <span class='ocrx_word' id='word_1_206' title='bbox 932 3701 1097 3772; x_wconf 76' lang='lat' dir='ltr'><strong>Robertl“‚</strong></span> <span class='ocrx_word' id='word_1_207' title='bbox 1109 3707 1201 3756; x_wconf 89' lang='lat' dir='ltr'><strong>comte</strong></span> <span class='ocrx_word' id='word_1_208' title='bbox 1211 3698 1247 3754; x_wconf 86' lang='lat' dir='ltr'><strong>de</strong></span> 
     </span>
     <span class='ocr_line' id='line_1_30' title="bbox 191 3787 1248 3868; baseline -0.006 -21"><span class='ocrx_word' id='word_1_209' title='bbox 191 3790 333 3862; x_wconf 61' lang='lat' dir='ltr'><strong>laicata,</strong></span> <span class='ocrx_word' id='word_1_210' title='bbox 345 3798 507 3852; x_wconf 63' lang='lat' dir='ltr'><strong>somonam&amp;</strong></span> <span class='ocrx_word' id='word_1_211' title='bbox 519 3795 547 3850; x_wconf 88' lang='lat' dir='ltr'><strong>le</strong></span> <span class='ocrx_word' id='word_1_212' title='bbox 563 3795 666 3863; x_wconf 64' lang='lat' dir='ltr'><strong>Boram</strong></span> <span class='ocrx_word' id='word_1_213' title='bbox 679 3792 953 3868; x_wconf 50' lang='lat' dir='ltr'><strong>lingue-Macrim</strong></span> <span class='ocrx_word' id='word_1_214' title='bbox 964 3799 1054 3848; x_wconf 87' lang='lat' dir='ltr'><strong>comte</strong></span> <span class='ocrx_word' id='word_1_215' title='bbox 1063 3787 1099 3844; x_wconf 87' lang='lat' dir='ltr'><strong>de</strong></span> <span class='ocrx_word' id='word_1_216' title='bbox 1111 3787 1248 3857; x_wconf 72' lang='lat' dir='ltr'><strong>tedford,</strong></span> 
     </span>
     <span class='ocr_line' id='line_1_31' title="bbox 192 3877 1246 3957; baseline -0.007 -22"><span class='ocrx_word' id='word_1_217' title='bbox 192 3879 256 3935; x_wconf 77' lang='lat' dir='ltr'><strong>ainsi</strong></span> <span class='ocrx_word' id='word_1_218' title='bbox 265 3885 429 3938; x_wconf 78' lang='lat' dir='ltr'><strong>anrnomme</strong></span> <span class='ocrx_word' id='word_1_219' title='bbox 440 3901 524 3956; x_wconf 85' lang='lat' dir='ltr'><strong>parce</strong></span> <span class='ocrx_word' id='word_1_220' title='bbox 534 3883 603 3957; x_wconf 89' lang='lat' dir='ltr'><strong>qu&#39;il</strong></span> <span class='ocrx_word' id='word_1_221' title='bbox 616 3883 679 3939; x_wconf 88' lang='lat' dir='ltr'><strong>finit</strong></span> <span class='ocrx_word' id='word_1_222' title='bbox 691 3884 821 3955; x_wconf 75' lang='lat' dir='ltr'><strong>aerioma</strong></span> <span class='ocrx_word' id='word_1_223' title='bbox 831 3881 900 3937; x_wconf 84' lang='lat' dir='ltr'><strong>dans</strong></span> <span class='ocrx_word' id='word_1_224' title='bbox 911 3880 939 3935; x_wconf 83' lang='lat' dir='ltr'><strong>la</strong></span> <span class='ocrx_word' id='word_1_225' title='bbox 949 3881 1060 3947; x_wconf 73' lang='lat' dir='ltr'><strong>misere,</strong></span> <span class='ocrx_word' id='word_1_226' title='bbox 1077 3877 1183 3951; x_wconf 70' lang='lat' dir='ltr'><strong>malgre</strong></span> <span class='ocrx_word' id='word_1_227' title='bbox 1196 3893 1246 3930; x_wconf 86' lang='lat' dir='ltr'><strong>ron</strong></span> 
     </span>
     <span class='ocr_line' id='line_1_32' title="bbox 191 3967 1243 4047; baseline -0.006 -23"><span class='ocrx_word' id='word_1_228' title='bbox 191 3969 252 4026; x_wconf 88' lang='lat' dir='ltr'><strong>titre</strong></span> <span class='ocrx_word' id='word_1_229' title='bbox 263 3969 299 4026; x_wconf 87' lang='lat' dir='ltr'><strong>de</strong></span> <span class='ocrx_word' id='word_1_230' title='bbox 312 3984 413 4028; x_wconf 87' lang='lat' dir='ltr'><strong>comte.</strong></span> <span class='ocrx_word' id='word_1_231' title='bbox 428 3975 521 4047; x_wconf 81' lang='lat' dir='ltr'><strong>Voycz</strong></span> <span class='ocrx_word' id='word_1_232' title='bbox 533 3972 601 4029; x_wconf 81' lang='lat' dir='ltr'><strong>dana</strong></span> <span class='ocrx_word' id='word_1_233' title='bbox 614 3973 707 4029; x_wconf 78' lang='lat' dir='ltr'><strong>l&#39;Br&#39;rt.</strong></span> <span class='ocrx_word' id='word_1_234' title='bbox 722 3972 758 4029; x_wconf 82' lang='lat' dir='ltr'><strong>de</strong></span> <span class='ocrx_word' id='word_1_235' title='bbox 773 3973 801 4028; x_wconf 82' lang='lat' dir='ltr'><strong>ln</strong></span> <span class='ocrx_word' id='word_1_236' title='bbox 812 3973 926 4028; x_wconf 77' lang='lat' dir='ltr'><strong>Maisan</strong></span> <span class='ocrx_word' id='word_1_237' title='bbox 938 3969 974 4025; x_wconf 79' lang='lat' dir='ltr'><strong>dr</strong></span> <span class='ocrx_word' id='word_1_238' title='bbox 985 3970 1142 4030; x_wconf 75' lang='lat' dir='ltr'><strong>Herceum,</strong></span> <span class='ocrx_word' id='word_1_239' title='bbox 1159 3984 1185 4039; x_wconf 92' lang='lat' dir='ltr'><strong>p.</strong></span> <span class='ocrx_word' id='word_1_240' title='bbox 1199 3967 1243 4028; x_wconf 78' lang='lat' dir='ltr'><strong>tt,</strong></span> 
     </span>
     <span class='ocr_line' id='line_1_33' title="bbox 192 4052 1244 4136; baseline -0.005 -23"><span class='ocrx_word' id='word_1_241' title='bbox 192 4054 225 4113; x_wconf 85' lang='lat' dir='ltr'><strong>ler</strong></span> <span class='ocrx_word' id='word_1_242' title='bbox 241 4076 322 4114; x_wconf 79' lang='lat' dir='ltr'><strong>noma</strong></span> <span class='ocrx_word' id='word_1_243' title='bbox 338 4070 367 4115; x_wconf 90' lang='lat' dir='ltr'><strong>et</strong></span> <span class='ocrx_word' id='word_1_244' title='bbox 382 4062 423 4117; x_wconf 82' lang='lat' dir='ltr'><strong>les</strong></span> <span class='ocrx_word' id='word_1_245' title='bbox 438 4061 566 4118; x_wconf 79' lang='lat' dir='ltr'><strong>alliances</strong></span> <span class='ocrx_word' id='word_1_246' title='bbox 582 4062 618 4117; x_wconf 87' lang='lat' dir='ltr'><strong>de</strong></span> <span class='ocrx_word' id='word_1_247' title='bbox 635 4063 710 4119; x_wconf 86' lang='lat' dir='ltr'><strong>leurs</strong></span> <span class='ocrx_word' id='word_1_248' title='bbox 722 4063 787 4136; x_wconf 88' lang='lat' dir='ltr'><strong>cinq</strong></span> <span class='ocrx_word' id='word_1_249' title='bbox 803 4078 904 4130; x_wconf 75' lang='lat' dir='ltr'><strong>amors,</strong></span> <span class='ocrx_word' id='word_1_250' title='bbox 922 4057 991 4134; x_wconf 89' lang='lat' dir='ltr'><strong>qu’il</strong></span> <span class='ocrx_word' id='word_1_251' title='bbox 1004 4056 1088 4112; x_wconf 84' lang='lat' dir='ltr'><strong>serait</strong></span> <span class='ocrx_word' id='word_1_252' title='bbox 1101 4066 1165 4126; x_wconf 84' lang='lat' dir='ltr'><strong>trop</strong></span> <span class='ocrx_word' id='word_1_253' title='bbox 1178 4052 1244 4122; x_wconf 82' lang='lat' dir='ltr'><strong>long</strong></span> 
     </span>
     <span class='ocr_line' id='line_1_34' title="bbox 193 4143 389 4209; baseline -0.015 0"><span class='ocrx_word' id='word_1_254' title='bbox 193 4143 331 4209; x_wconf 80' lang='lat' dir='ltr'><strong>l&#39;imcrire</strong></span> <span class='ocrx_word' id='word_1_255' title='bbox 343 4149 389 4206; x_wconf 90' lang='lat' dir='ltr'><strong>ici.</strong></span> 
     </span>
    </p>
   </div>
   <div class='ocr_carea' id='block_1_6' title="bbox 0 0 1453 4934">
    <p class='ocr_par' dir='ltr' id='par_1_8' title="bbox 0 0 1453 4934">
     <span class='ocr_line' id='line_1_35' title="bbox 0 0 1453 4934; baseline 0 0"><span class='ocrx_word' id='word_1_256' title='bbox 0 0 1453 4934; x_wconf 95' lang='lat' dir='ltr'><strong> </strong></span> 
     </span>
    </p>
   </div>
  </div>
 </body>
</html>
