2888 4934
73 408 180 490 [1124]
395 405 799 467 strennuonmmus.
1067 405 1126 469 rsa

73 540 253 613 verissime
271 539 386 610 sciens
404 536 504 635 quod
520 538 548 608 si
565 538 788 627 retineretur,
809 535 855 608 de
870 534 1020 607 nexibus
1035 536 1128 632 regis

73 657 132 726 vix
150 669 211 727 aut
227 677 412 750 uunquam
426 653 664 751 egrederetur.
687 653 799 747 Elegit
821 677 922 748 ergo,
945 677 1026 748 rege
1044 677 1127 725 cum

75 786 168 844 terra
188 794 253 841 sua
273 768 412 861 relicto,
436 769 594 860 exulare,
617 792 726 866 quam
745 769 924 863 egregium
945 767 1129 839 consulem

74 883 376 957 inextricabilibus
396 884 501 956 nodis
521 899 674 956 nectere.
695 883 799 955 lllum
814 884 932 980 itaque
949 909 1064 982 usque
1083 883 1129 955 ad

75 1000 388 1073 Bellum-Mentem
416 1000 609 1091 conduxit,
635 1014 669 1072 et
698 1000 845 1071 extorris
871 1025 955 1071 cum
980 997 1060 1090 illo,
1091 1013 1130 1070 ut

75 1130 219 1213 ereptor
235 1115 324 1212 ejuS,
344 1116 379 1186 in
399 1115 545 1188 Francia
560 1115 817 1188 honorabiliter
832 1115 1038 1213 permansit.

124 1230 335 1302 Guillelmus
347 1255 433 1301 vero
446 1230 625 1328 Lupellus,
644 1256 665 1303 a
679 1231 837 1330 quodam
848 1231 980 1302 rustico
992 1244 1129 1328 captus,

75 1368 176 1417 arma
187 1369 249 1416 sua
260 1345 310 1418 illi
322 1371 388 1444 pro
401 1345 646 1445 redemptione
655 1348 710 1419 sui
723 1347 833 1439 dedit,
847 1362 883 1419 et
896 1346 997 1419 abeo
1010 1362 1133 1418 tonsus

75 1460 187 1552 instar
208 1462 389 1558 armigeri,
413 1484 523 1533 manu
544 1462 667 1559 palum
685 1477 841 1558 gestans,
866 1461 911 1534 ad
932 1465 1133 1558 Sequanam

76 1574 257 1670 confugit,
290 1591 326 1647 et
352 1576 553 1671 incognitus
585 1576 631 1647 ad
664 1579 849 1648 transitum
878 1577 1034 1648 fluminis
1066 1601 1133 1674 pro

76 1689 185 1761 naulo
205 1690 334 1786 caligas
354 1716 435 1765 suas
457 1692 623 1763 nauclero
643 1693 854 1792 impertivit,
877 1692 1054 1788 nudisque
1071 1717 1134 1790 pe·

76 1803 183 1876 dibus
205 1808 367 1905 proprios
388 1807 478 1879 lares
499 1809 634 1899 revisit,
658 1808 817 1903 gaudens
840 1806 938 1905 quod
959 1807 1004 1878 de
1025 1831 1135 1878 manu

76 1919 197 1992 hostili
214 1937 408 2019 utcumque
424 1922 610 2021 prolapsus
629 1924 779 1995 evaserit
795 1922 865 2018 (l).

126 2037 198 2108 Rex
215 2053 352 2128 autem,
371 2052 452 2136 post
471 2037 603 2110 Pascha
620 2038 693 2135 (2),
711 2038 884 2136 judicium
905 2035 950 2107 de
966 2035 1054 2126 reis,
1074 2036 1136 2131 qui

77 2152 172 2249 capti
198 2151 354 2244 fuerunt,
383 2152 568 2249 Rotomagi
595 2154 728 2245 tenuit,
758 2151 880 2249 ibique
910 2149 1137 2223 Goislredum

77 2265 124 2338 de
144 2267 295 2340 Torvilla
323 2266 377 2364 (3)
406 2281 442 2339 et
468 2267 657 2340 Odardum
683 2267 729 2339 de
760 2269 848 2339 Pino
877 2266 932 2365 (4)
962 2290 1028 2364 pro
1057 2290 1137 2363 per-

74 2381 158 2477 jurii
194 2396 293 2454 reatu
324 2381 435 2454 oculis
465 2383 617 2482 privavit
648 2384 714 2480 (5).
755 2387 887 2454 Lucam
919 2405 1063 2479 quoque
1093 2381 1139 2452 de

114 2645 154 2711 (l)
174 2641 221 2697 On
236 2660 272 2696 ne
286 2645 347 2697 voit
362 2661 410 2716 pas
425 2645 566 2718 pourquoi
580 2643 742 2698 Guillnume
756 2641 858 2696 Louvel
874 2651 994 2697 travena
1006 2638 1032 2693 la
1044 2639 1136 2695 Seiue.

79 2731 179 2788 C’etait
188 2729 312 2801 allongcr
324 2732 467 2802 beaucoup
476 2731 502 2784 la
513 2740 593 2785 route
601 2729 670 2804 qu’il
682 2730 754 2784 avait
764 2732 780 2782 'a
792 2730 945 2800 parcourir,
959 2739 987 2784 et
996 2747 1025 2783 se
1037 2737 1140 2782 mettre

79 2818 148 2876 dans
160 2816 185 2873 la
199 2818 333 2871 necessite
346 2817 381 2871 de
393 2818 518 2873 francbir
531 2836 561 2872 cc
575 2817 663 2872 [leuve
677 2835 732 2871 une
745 2815 863 2872 seconde
875 2818 937 2873 lois.

112 2907 153 2976 (ξ)
172 2905 265 2977 Pique
278 2903 397 2959 tombait
408 2914 480 2959 cette
494 2903 620 2959 eunde-lt
632 2904 658 2959 le
669 2907 685 2960 6
697 2904 776 2959 avril.

114 2995 153 3067 (3)
168 2990 191 3046 ll
203 2992 289 3046 existe
299 3010 334 3046 en
346 2992 518 3047 Normandie
531 2991 580 3047 dix
591 2991 744 3062 Tourville,
756 3011 818 3048 sam
830 3004 955 3066 compter
965 2993 1035 3048 trois
1049 2993 1140 3048 Trou·

80 3081 154 3138 ville.
168 3081 244 3134 Tuus
256 3097 301 3133 ces
313 3098 394 3134 norm
405 3080 519 3136 doivent
530 3081 610 3137 venir
621 3081 656 3137 de
672 3081 793 3137 Turoldi
805 3099 842 3137 ou
858 3083 1048 3155 Turulfivilla.
1063 3082 1141 3136 Nous

80 3185 235 3243 supposons
246 3168 315 3242 qu'il
324 3167 404 3242 s'agit
415 3169 450 3224 ici
463 3169 498 3224 de
510 3168 663 3237 'roumille,
677 3180 756 3225 entre
765 3170 971 3226 Pontaudemer
982 3181 1011 3226 et
1021 3171 1137 3226 Prdanx.

80 3257 159 3312 Nous
182 3274 300 3329 pensons
321 3257 392 3310 aussi
413 3275 468 3330 que
486 3257 553 3312 c'est
570 3275 602 3312 ce
619 3276 790 3330 personnage
809 3258 894 3331 qu‘ou
911 3268 1009 3312 trouve
1026 3257 1094 3313 dans
1114 3256 1140 3312 le

81 3345 258 3401 monasticon
272 3345 464 3417 Anglicanum
475 3363 539 3400 som
548 3344 573 3399 le
584 3363 650 3400 nom
664 3344 698 3400 de
715 3344 865 3419 Gayridus
876 3345 912 3401 de
928 3346 1055 3401 Turvilla
1066 3349 1099 3414 (t.
1114 3347 1138 3411 l,

80 3451 110 3506 p.
126 3437 193 3501 549;
207 3444 226 3487 t.
239 3435 281 3502 II,
296 3453 325 3508 p.
339 3434 417 3508 3⁰9).
431 3435 545 3504 c’etair,
560 3453 597 3493 eu
608 3435 788 3509 Angleterre,
804 3454 841 3491 un
854 3434 938 3491 rassal
952 3435 990 3490 du
1004 3445 1094 3491 comte
1105 3435 1141 3492 de

81 3520 229 3577 leicester.

115 3610 155 3681 (l)
173 3609 212 3664 Ce
232 3626 405 3682 personuage
420 3611 488 3665 erait
505 3610 657 3685 originaire
672 3610 712 3665 du
726 3612 950 3680 Pin-au-Haras,
967 3610 1140 3666 arrandisse·

81 3706 160 3752 ment
167 3696 350 3771 d’Argeutan.
363 3697 388 3752 ll
398 3708 440 3753 est
450 3700 505 3754 cite
513 3699 582 3754 dam
591 3718 647 3756 une
655 3699 752 3755 charte
760 3698 795 3765 de
807 3698 914 3755 Rubert
924 3700 953 3756 11
963 3700 999 3756 de
1010 3700 1121 3757 Manlau
1133 3724 1138 3753 :

80 3787 160 3855 Sicut
172 3806 296 3860 unquam
310 3787 395 3842 libere
412 3797 440 3842 et
457 3789 555 3845 melius
568 3788 707 3845 Botorum
719 3787 756 3842 de
770 3784 858 3852 Pina,
880 3788 1013 3845 Odardus
1028 3798 1055 3843 et
1070 3788 1140 3842 Gat-

82 3882 159 3928 terus
172 3883 330 3932 tenuerunt.

115 3965 156 4034 (5)
173 3964 274 4020 C’etait
294 3985 332 4020 un
353 3964 402 4021 des
420 3964 558 4039 supplices
574 3965 610 4021 de
628 3965 813 4043 predilection
834 3967 870 4022 de
890 3966 979 4022 Henri
998 3964 1044 4018 1³.
1062 3961 1088 4017 Il
1105 3979 1141 4018 ue

82 4053 178 4124 mugit
191 4068 239 4124 pas
251 4052 297 4127 d’y
308 4063 460 4109 soumettre
469 4053 580 4129 jusqu'b
593 4072 643 4110 son
656 4054 753 4110 cousin
769 4056 909 4129 germain,
921 4052 948 4109 le
961 4051 1141 4107 malhemenx

82 4148 173 4200 comte
185 4139 220 4195 de
231 4141 364 4196 Mortaiu.
380 4141 460 4198 Cette
477 4141 635 4198 mutilation
651 4161 685 4199 ne
701 4143 745 4199 lut
761 4161 870 4200 conuue
886 4140 1014 4215 qu’apres
1026 4138 1052 4194 la
1066 4149 1141 4194 mort
