3130 5058
348 468 408 532 234
622 467 805 534 HISTORIA
827 469 1131 530 acctsssttsmct.
1299 470 1400 550 [1106]

348 599 503 674 ecclesiae
527 603 789 699 possessiones,
821 603 914 675 sieut
936 625 994 674 eus
1021 601 1080 676 die
1104 625 1176 698 qua
1200 617 1301 701 pater
1331 603 1401 698 ejus

348 716 536 790 defunctus
558 732 612 789 est
634 717 823 807 tenebant,
850 717 980 815 aliique
1001 715 1237 789 nihilominus
1262 717 1401 813 legitimi

347 830 497 907 heredes
510 831 730 931 possideant.
749 833 881 906 Omnia
893 856 1039 931 quoque
1054 831 1214 903 dominia
1228 832 1402 930 patrissui

347 967 419 1018 suae
430 947 639 1045 proprietati
649 948 875 1046 manciparit,
884 947 1091 1044 judicioque
1100 947 1300 1044 sapientum
1310 946 1402 1017 irrita

347 1083 424 1132 esse
440 1061 577 1133 censuit
593 1087 671 1158 quae
685 1063 790 1133 frater
800 1087 885 1134 suus
897 1062 1041 1158 ingratis
1054 1085 1119 1158 per
1130 1059 1402 1158 imprudentiam

347 1174 514 1266 dederat,
550 1176 607 1249 vel
634 1178 766 1248 inritus
793 1202 859 1276 per
883 1175 1161 1250 imbecillitatem
1185 1177 1399 1274 permiserat.

347 1293 474 1363 Hostes
492 1308 626 1383 autem,
645 1317 737 1390 quos
755 1293 791 1366 in
807 1292 904 1365 bello
923 1307 1077 1392 ceperat,
1096 1293 1133 1364 in
1151 1291 1310 1388 Angliam
1326 1290 1401 1362 des·

347 1407 493 1495 tinavit,
515 1424 552 1480 et
570 1410 721 1506 perenni
741 1408 918 1506 ergastulo
937 1407 1167 1480 Guillelmum
1188 1405 1401 1478 Moritolien·

347 1547 424 1596 sem
441 1547 482 1596 ae
503 1524 724 1598 llodbertum
743 1525 789 1597 de
810 1521 1010 1614 stotevilla,
1034 1523 1195 1621 aliosque
1214 1520 1402 1594 nonnullos

347 1637 612 1711 condemnavit.
626 1639 832 1712 inflexibilis
843 1663 925 1736 erga
937 1663 1000 1711 eos
1010 1639 1230 1738 perduravit,
1243 1652 1404 1734 etquam·

346 1752 400 1824 vis
423 1753 619 1827 multorum
643 1753 809 1854 precibus¹
833 1779 876 1827 ae
903 1755 1103 1853 promissis,
1132 1751 1403 1849 muneribusque

349 1867 509 1967 pulsatus
524 1867 663 1961 suisset,
684 1894 871 1968 nunquam
888 1869 1039 1942 emolliri
1058 1869 1186 1969 potuit.

395 1987 504 2056 xxlt.
526 1984 729 2058 Rodbertus
750 2001 870 2060 autem
892 1985 1140 2074 Belesmeusis‚
1164 1983 1330 2056 frustrata
1346 2005 1405 2080 spe

348 2097 452 2172 aliter
485 2125 594 2198 quarn
625 2083 828 2200 putaverat,
862 2102 969 2174 nimis
998 2101 1190 2198 ingemuit,
1222 2114 1258 2171 et
1286 2111 1407 2170 eontra

347 2237 469 2309 regem
492 2215 687 2286 Heuricum
715 2215 834 2288 adhue
858 2215 992 2288 bellare
1016 2217 1155 2304 nitens,
1180 2212 1320 2286 Heliam
1348 2235 1406 2282 oo·

349 2327 473 2404 mitem
506 2330 663 2428 expetiit.
699 2335 871 2419 Domine,
900 2330 1044 2429 inquit,
1082 2354 1215 2417 conres,
1249 2351 1409 2400 succurre

348 2443 453 2542 milri,
474 2469 606 2544 queso,
626 2448 711 2543 qnia
733 2461 813 2518 snus
832 2447 935 2518 laonio
955 2471 1051 2534 sum,
1074 2449 1304 2544 mingentem
1321 2445 1360 2513 in
1378 2456 1408 2512 te

339 2558 516 2652 fidroemm
538 2557 657 2632 nabeo.
685 2565 776 2633 Eece
798 2586 892 2633 nune
915 2587 981 2659 ope
1004 2577 1064 2636 nea
1088 2560 1242 2660 indigeo,
1269 2560 1354 2658 quia
1374 2558 1410 2626 in
1540 2629 1541 2632 ,

349 2673 481 2746 mundo
506 2677 619 2746 nimia
646 2701 766 2747 rernm
790 2675 964 2774 praevalet
982 2673 1154 2771 confusio.
1180 2679 1271 2745 Esse
1287 2673 1411 2772 junior
1540 2687 1541 2690 ’

339 2788 466 2886 frater
481 2793 521 2861 in
536 2790 711 2888 nrajorem
725 2793 903 2879 surrexit;
923 2815 1043 2862 servus
1065 2792 1104 2861 in
1124 2787 1214 2860 bello
1232 2785 1411 2860 dominrnn
1540 2837 1541 2850 η

348 2931 451 2978 suum
470 2909 665 3005 superavit,
688 2923 723 2978 et
749 2907 870 2979 vinciis
890 2905 1030 3006 injecit;
1053 2908 1185 2976 avitum
1204 2929 1342 3004 quoque
1361 2901 1415 2973 iili

349 3021 578 3096 hereditatem
595 3021 753 3112 abstulit,
778 3025 897 3122 sisque
911 3021 1083 3121 perjurus
1101 3019 1241 3092 domini
1255 3021 1315 3091 sui
1326 3018 1414 3117 jura

349 3135 486 3208 srlirnet
509 3137 666 3236 subjecit.
696 3143 826 3225 Porro,
857 3137 1020 3210 naturali
1040 3135 1183 3208 domino
1207 3160 1285 3206 meo
1303 3131 1414 3228 fldem

349 3255 496 3340 servavi,
515 3269 554 3324 et
564 3252 929 3352 sicutpatrifideliter
941 3255 1062 3351 parui,
1081 3254 1133 3324 sic
1144 3253 1246 3323 omni
1256 3252 1326 3322 vita
1339 3273 1415 3320 mea

314 3393 334 3442 s
351 3367 429 3466 ejus
443 3367 618 3467 obsequ
633 3367 755 3442 soboli.
779 3367 946 3462 Qunndiu
965 3371 1096 3454 vivero,
1119 3391 1303 3465 nunquam
1315 3365 1416 3436 rusti·

352 3481 438 3554 nebo
455 3500 497 3555 nt
509 3487 549 3555 in
562 3509 653 3580 paee
668 3482 868 3556 dominetur
887 3484 1136 3568 Normannise,
1157 3483 1221 3582 qui
1236 3479 1415 3551 dominum

353 3623 482 3688 meum,
496 3601 605 3671 immo
615 3623 730 3686 suum,
744 3602 871 3672 nexuit
879 3603 918 3672 in
930 3623 1084 3670 earcere.
1096 3595 1222 3670 Adlmc
1232 3593 1413 3685 xxxrvstr·

354 3715 531 3785 missimus
549 3717 761 3788 munitiones
776 3712 896 3803 haben,
918 3712 1011 3786 unde
1027 3712 1292 3784 molestissimas
1309 3705 1412 3804 infes-

355 3831 504 3902 tationes
534 3833 688 3904 invasori
685 3829 870 3929 proficio
898 3828 1109 3926 infhrrepo
1110 3843 1196 3899 tero.
1230 3821 1413 3897 Auxilium

354 3944 533 4018 (Ιωιιαπαι
547 3962 644 4018 nrum
658 3947 822 4044 imploro,
838 3962 879 4018 ut
885 3973 957 4046 per
968 3947 1145 4077 tepossim
1160 3944 1273 4014 vincto
1285 3937 1413 4036 suffra·

238 4126 242 4136 .
352 4088 433 4162 gart
428 4062 641 4151 dommo,
626 4087 808 4162 ipsumque
827 4062 881 4134 vei
894 4059 1120 4135 heredem'll
1075 4088 1087 4133 ι
1118 4062 1172 4134 ius
1104 4057 1333 4131 i'ducntur
1344 4079 1412 4127 res·

357 4182 480 4252 sineere
501 4181 756 4254 Normannieo.
