2888 4934
192 424 299 501 [1125]
514 422 631 484 LIBER
651 416 919 485 DUODECIMUS.
1184 421 1244 484 469

191 559 284 651 cipes
300 557 363 652 qui
376 558 554 626 norninati
565 559 664 643 estis,
685 555 853 626 alacriter
874 557 936 639 ite,
960 568 994 622 et
1010 551 1053 622 de
1068 546 1164 622 'vobis
1181 555 1245 622 tri·

190 670 254 740 bus
275 695 384 741 unum
406 669 534 768 eligite.
562 670 626 741 Illi
650 687 768 741 autem
797 692 1046 768 quemcumque
1073 666 1247 766 elegeritis

190 783 425 882 subjiciemur,
443 786 632 855 innomine
642 787 713 855 Dei
718 786 977 882 omnipotentis.
989 787 1115 867 Porro,
1125 784 1160 852 si
1169 783 1247 879 quis

193 915 343 969 vestrum
370 925 393 968 a
419 901 599 970 communi
623 897 875 997 discrepaverit
898 895 1027 982 edicto,
1059 894 1249 967 decolletur

191 1017 356 1086 antima
372 1014 446 1110 (l),
471 1040 515 1085 ne
528 1039 599 1112 per
614 1019 720 1086 unius
731 1017 948 1112 proterviam
966 1013 1248 1101 Christianorum
1271 1040 1273 1044 ·

188 1128 413 1224 perturbetur
439 1145 564 1200 saneta
596 1132 726 1201 concio.
763 1130 920 1202 Animosi
948 1128 1106 1227 praesulis
1136 1124 1249 1222 rigida

192 1243 357 1316 condicio
388 1246 525 1315 cunctis
554 1242 787 1317 formidabilis
817 1245 949 1336 extitit,
986 1265 1052 1316 nec
1085 1242 1122 1314 in
1153 1254 1251 1313 tuntn

193 1358 420 1431 multitudine
441 1359 631 1457 quisquam
655 1374 780 1433 contra
801 1358 986 1459 ¹prelatum
1011 1358 1139 1431 mutire
1161 1381 1250 1456 prae·

193 1475 354 1573 sumpsit.

243 1589 350 1684 Igitur
367 1588 567 1688 pretitulati
583 1588 692 1662 duces
712 1615 873 1663 seorsum
896 1590 1086 1682 abierunt,
1106 1603 1159 1677 et,
1185 1588 1252 1660 cir·

192 1718 390 1776 cumstante
409 1706 591 1803 legionum
614 1730 768 1798 corona,
793 1709 829 1779 in
852 1706 972 1780 medio
995 1705 1248 1795 constiterunt,

193 1841 340 1918 seseque
350 1821 505 1892 invicem
516 1836 727 1894 contuentes
742 1821 949 1920 aliquandiu
963 1821 1148 1894 siluerunt.
1163 1824 1251 1890 Tan·

192 1934 276 2007 dem
287 1935 381 2008 binis
392 1936 589 2027 silentibus,
606 1939 779 2009 Henricus
792 1939 889 2036 rupit
899 1938 1079 2010 silentium
1091 1936 1228 2034 primus
1240 1961 1254 2005 :-

196 2051 545 2144 nemausensem,
558 2056 721 2152 aginuis?
731 2053 916 2153 Numquid
923 2054 991 2126 luia
1001 2052 1127 2124 directi
1132 2074 1254 2121 sumus

193 2183 233 2239 ut
253 2172 488 2242 taciturnitati
510 2171 693 2241 vacemus?
716 2173 846 2268 Ingens
870 2171 1051 2269 negocium
1079 2165 1176 2238 nobis
1200 2167 1254 2234 in·

186 2282 352 2379 junctum
365 2301 428 2355 est.
446 2291 528 2356 Non
542 2302 581 2356 ut
594 2301 800 2371 taceremus,
815 2284 881 2356 sed
891 2283 984 2356 atde
994 2285 1154 2355 maximo
1164 2280 1253 2351 bono

195 2397 427 2496 loqueremur,
447 2400 513 2471 buc
524 2402 760 2473 convenimus.
777 2407 862 2472 lam
875 2416 1025 2472 vestram
1036 2401 1125 2471 satis
1138 2397 1253 2494 loque·

195 2513 467 2613 lameapectavi.
479 2515 664 2614 Numquid
670 2533 780 2588 totum
788 2515 881 2588 diem
893 2519 1128 2614 transigemus
1139 2512 1254 2580 muti?

196 2634 249 2699 De
266 2645 419 2702 tractatu
441 2631 539 2702 nobis
556 2632 716 2729 injuncto
732 2635 896 2729 cogitate,
916 2647 954 2700 et
967 2627 1055 2727 quid
1069 2624 1159 2696 vobis
1169 2622 1215 2720 pl
1236 2664 1251 2678 -

194 2747 307 2814 cuerit
330 2742 464 2813 edicite.
490 2745 601 2814 Sociis
630 2742 871 2815 annuentibus
897 2757 938 2814 ut
965 2739 1139 2840 proferret
1164 2733 1252 2834 quid

194 2857 275 2948 sibi,
293 2860 356 2953 qui
372 2860 491 2930 senior
503 2873 591 2951 erat,
607 2860 784 2958 placeret:
801 2859 994 2956 Optimum,
1014 2856 1149 2954 inquit,
1159 2878 1258 2924 nune

194 2970 292 3043 decet
308 2988 467 3043 nostrum
486 2997 560 3043 esse
578 2972 783 3059 consilium,
807 2975 891 3071 quia
908 2970 1011 3042 modo
1026 2969 1077 3040 ad
1095 2985 1254 3040 nostrum

196 3104 268 3157 tota
285 3089 459 3158 Latinitas
474 3090 632 3185 suspirat
646 3088 846 3160 arbitrium.
868 3090 1019 3172 Oremus
1031 3109 1114 3184 ergo
1130 3085 1252 3154 Domi·

195 3229 281 3274 aum
297 3209 423 3288 Deum,
440 3206 505 3300 qui
515 3208 665 3301 Moysen
681 3204 836 3277 Hebraeis
844 3201 1018 3302 prefecit,
1039 3204 1139 3299 eique
1155 3201 1255 3271 victo·

196 3320 329 3387 riosum
355 3341 588 3388 successorem
609 3325 716 3391 losue
739 3319 919 3404 revelavit,
945 3335 984 3388 ut
1007 3319 1080 3413 ipse
1103 3314 1256 3386 canens

196 3450 401 3529 cooperator
419 3431 596 3504 nobiscum
617 3438 680 3521 sit,
705 3438 798 3506 sicut
808 3433 889 3530 suit
905 3459 984 3504 cum
1004 3430 1191 3503 Samulule
1209 3427 1260 3499 ad

196 3547 396 3645 ungendum
421 3552 460 3619 in
484 3573 600 3648 regem
626 3548 754 3620 Dauid
780 3549 843 3621 His
865 3550 913 3619 itu
936 3547 1058 3638 dictis,
1084 3566 1255 3644 generum

195 3685 299 3732 suurn
316 3663 369 3758 (2)
384 3663 489 3759 elegit
504 3664 725 3736 Lotharium.
746 3667 857 3735 Porro
876 3663 998 3734 tertius
1013 3660 1256 3743 contradicere

229 3967 268 4036 (l)
287 3967 364 4021 Nous
380 3984 464 4022 avons
478 3968 558 4040 peine
576 3971 591 4021 ὲ
608 3969 754 4023 concevoir
771 3968 855 4042 qu'on
871 3967 950 4041 prete
971 3970 985 4019 Ξι
1006 3962 1195 4036 Parrhasi-quc
1215 3979 1253 4015 nn

195 4053 311 4127 langage
324 4056 346 4109 si
359 4055 471 4110 violent.

233 4140 270 4211 (2)
288 4144 362 4198 Tout
380 4161 410 4198 ce
425 4144 493 4199 re'cit
510 4142 647 4200 lourmillc
661 4142 898 4209 d’ineraetitudes.
918 4137 1150 4198 Non·seulemcnt
1162 4135 1187 4193 lc
1200 4135 1256 4193 due
