2888 4934
187 404 273 485 [nov.
291 407 381 485 1120]
515 402 631 467 num
653 403 917 464 nuouscruus.
1179 356 1239 470 ¹417

188 537 344 611 barones
361 535 563 635 plangebat,
581 538 800 634 maximeque
817 535 1006 608 Radulfum
1022 536 1149 609 Rufum
1169 542 1183 636 (
1208 541 1236 636 ),

188 669 225 726 et
242 652 478 725 Gislebertum
495 652 540 722 de
557 652 691 724 Oximis
708 652 763 747 (2)
781 650 939 748 lugebat,
959 665 994 722 et
1011 676 1136 724 eorum
1153 667 1240 726 stre·
1311 687 1313 690 ’

187 768 342 840 unitates
357 768 484 865 saepius
501 766 662 838 iterando
681 791 763 837 cum
783 764 923 837 fletibus
939 764 1120 838 recitabat.
1139 769 1240 864 Opti·

188 898 314 974 mates,
328 881 562 978 subjectaeque
573 882 694 981 plebes
702 882 889 980 plorabant
901 882 1081 973 dominos,
1094 885 1242 981 pignora

190 1012 229 1070 et
242 1011 430 1095 cognatos,
449 1011 556 1069 notos
571 1012 607 1069 et
622 998 773 1089 amicos,
793 1022 931 1096 sponsae
948 1023 1115 1097 sponsos,
1134 997 1241 1069 dilec-

189 1125 306 1210 tasque
328 1113 497 1209 conjuges
519 1113 642 1186 dulces
661 1115 818 1186 maritos.
840 1113 986 1185 inutiles
1004 1113 1150 1186 threnos
1169 1139 1243 1186 non

190 1251 281 1301 curo
296 1227 541 1326 multiplicare.
561 1229 673 1301 Unius
694 1242 833 1301 tantum
852 1229 982 1327 egregii
1002 1228 1247 1303 versificatoris

190 1339 339 1414 brevem
353 1364 551 1414 camoenam
566 1343 663 1414 nitor
680 1343 739 1416 hic
754 1358 927 1417 annotare
943 1371 952 1414 :

279 1500 391 1557 Accidit
401 1501 471 1556 hora
485 1504 587 1575 gravis,
600 1503 770 1578 'ruomaeque
782 1505 938 1561 miserrima
951 1506 1040 1569 naris,

315 1591 406 1662 Quam
419 1588 491 1645 male
503 1601 578 1646 reeta
590 1593 671 1660 terit,
687 1610 758 1666 rupe
770 1591 859 1648 soluta
871 1594 954 1666 perit.

280 1677 394 1733 Flebilis
406 1688 534 1746 eventus,
550 1678 617 1733 dum
631 1680 732 1735 nobilis
744 1680 791 1736 iiia
800 1681 934 1753 juventus

315 1766 365 1822 Est
378 1767 508 1821 immersa
522 1767 592 1821 mari
605 1767 764 1840 perditione
776 1771 847 1842 pari.

279 1855 405 1910 Jactatur
418 1853 516 1927 pelago
527 1871 625 1927 regum
640 1872 771 1928 geumosa
783 1873 920 1931 propago,

314 1944 447 2017 Quosque
459 1942 544 1998 duces
555 1942 678 2016 plorant,
693 1955 816 2000 monstra
828 1947 936 2001 marina
949 1958 1056 2002 voram.

278 2028 307 2086 0
319 2028 399 2084 dolor
410 2031 576 2086 immensus!
591 2049 642 2087 nec
654 2031 798 2098 nobilitas,
812 2051 905 2108 neque
916 2050 1015 2089 census

313 2116 358 2174 Ad
370 2118 454 2174 vitam
467 2129 590 2187 revocat,
605 2137 675 2194 quos
687 2122 771 2176 maris
781 2120 856 2177 unda
869 2132 957 2177 neom.

277 2204 406 2279 Purpura
419 2224 484 2260 cum
496 2206 570 2262 bisso
583 2206 689 2281 liquida
700 2210 836 2282 putrescit
848 2209 946 2283 abysso
958 2231 966 2277 ;

311 2292 371 2348 Rex
383 2311 495 2369 quoqne
506 2312 590 2368 quern
602 2295 714 2370 genuit,
727 2297 849 2369 piscibus
862 2315 924 2353 esca
935 2298 1003 2365 tuit,

277 2382 325 2439 Sic
337 2381 389 2438 sibi
403 2381 518 2437 fidentes
528 2382 602 2438 ludit
613 2384 736 2441 Fortuna
751 2395 894 2458 potentem

314 2470 396 2526 Nunc
409 2470 470 2539 dat,
487 2491 562 2528 nunc
574 2472 678 2542 demit;
693 2493 768 2530 nuuc
779 2474 866 2545 levat,
880 2475 945 2532 iude
958 2478 1071 2551 premit.

278 2557 356 2629 Quid
369 2575 502 2615 uumerus
513 2578 674 2634 procerum,
687 2562 757 2637 quid
769 2582 849 2638 opes,
861 2564 931 2640 quid
943 2565 1030 2639 gloria
1042 2582 1152 2626 rerum.

312 2646 405 2718 Quid,
419 2645 583 2713 Guillelme,
598 2649 650 2704 tibi
663 2651 752 2705 forma
765 2651 871 2707 valebat
880 2652 941 2707 ibi?

278 2736 399 2791 Marcuit
411 2735 460 2790 iile
471 2735 556 2790 decor
567 2737 681 2810 regalis,
695 2750 723 2793 et
735 2738 850 2794 abstulit
861 2757 955 2813 equor

312 2823 397 2895 Quod
409 2824 613 2894 fanensium,
627 2825 759 2899 quodque
770 2827 882 2882 futurus
893 2845 964 2882 eras.

277 2912 356 2968 Inter
367 2931 452 2988 aquas
462 2913 522 2968 istis
534 2913 619 2967 instat
630 2911 772 2969 damnatio
783 2915 887 2986 tristis,

311 2999 348 3054 Ni
359 3001 447 3072 pietas
460 2999 545 3073 gratis
557 2998 646 3054 eolica
659 3010 753 3073 parcat
764 3002 813 3057 eis.

276 3086 450 3161 Corporibus
461 3089 561 3144 mercis
574 3089 672 3144 anime
683 3090 705 3144 si
718 3088 791 3145 dona
805 3089 900 3145 salutis

313 3175 405 3232 Nacta
418 3177 586 3250 gauderent,
600 3189 697 3234 moesta
710 3178 808 3252 procui
819 3179 927 3235 fierent.

188 3426 288 3473 natum
299 3437 384 3489 super
394 3437 440 3473 eos
456 3421 607 3488 acciperet,
626 3423 710 3492 quasi
724 3420 806 3475 boves
823 3420 863 3476 ad
876 3430 1003 3476 aratrum
1018 3422 1127 3479 traicere
1140 3426 1232 3499 cossa

188 3514 272 3561 reret.

191 3644 194 3649 .
223 3593 303 3648 Nous
319 3593 422 3649 devons
437 3594 498 3649 dire
512 3595 658 3664 toutefois,
672 3600 687 3651 a
701 3616 729 3652 sa
743 3597 875 3672 mange,
890 3598 957 3673 qu’il
970 3600 1039 3656 etait
1050 3619 1084 3656 en
1100 3602 1161 3657 voie
1172 3603 1207 3658 de
1219 3622 1247 3658 se

190 3698 288 3737 aanrer
300 3700 347 3736 sur
356 3701 394 3736 un
408 3683 510 3756 eequis,
525 3681 635 3757 lorsque
648 3684 687 3740 ies
698 3686 752 3740 cris
764 3685 925 3743 dechirants
937 3687 972 3743 de
984 3707 1013 3743 sa
1027 3705 1100 3745 soeur
1112 3715 1117 3744 ι
1131 3690 1156 3745 ia
1168 3708 1244 3747 com·

190 3778 261 3824 terre
272 3768 309 3823 de
322 3770 477 3842 Mortagne,
492 3770 516 3825 ie
527 3771 702 3845 rappeierent
712 3791 760 3829 sur
770 3772 796 3828 le
806 3773 863 3830 lien
874 3775 914 3831 du
925 3778 1066 3851 naufraga
1077 3781 1114 3834 od
1126 3780 1244 3854 i'esquis,

189 3855 296 3998 abopdd
308 3859 325 3911 a
337 3856 361 3911 ia
374 3858 426 3913 sois
438 3877 536 3931 paron
546 3868 610 3932 trop
621 3860 710 3932 grand
718 3863 835 3918 nombre
845 3862 880 3918 de
890 3882 1042 3940 parspere,
1057 3867 1167 3922 s'abirna
1177 3867 1246 3922 dans

189 3943 231 3999 les
263 3954 317 3999 ots.

229 4030 268 4103 (t)
289 4031 803 4092 Raoui·le·Rou1dePom-Fchausrd.

229 4122 267 4192 (2)
282 4121 424 4177 Gisiebert
436 4123 571 4178 d'Ermes.
586 4125 680 4197 Voyea
692 4124 842 4194 uidemus,
860 4147 887 4200 p.
902 4131 963 4183 35³.

263 4234 314 4281 ιν.
1078 4222 1125 4290 27
