2888 4934
150 438 258 515 [rom]
519 433 635 494 imm
656 432 843 494 nmmos.

292 573 409 628 Servum
421 591 438 626 a
451 572 526 626 vitiis
539 572 630 638 intuo,
644 571 680 625 ab
692 570 774 626 hoste
786 570 865 626 soris.

257 660 321 715 Non
334 659 425 727 flexit,
440 677 496 714 non
510 659 612 714 extulit
625 658 715 725 hune,
730 676 786 713 non
799 661 900 713 terruit
913 679 1035 736 unquam

292 750 392 819 Dives,
406 749 493 817 fama,
505 759 619 823 potent,
633 765 764 817 munere,
780 747 877 811 laude,
889 751 982 805 minis.

258 838 407 912 Eloquium
420 837 561 910 linguam,
572 837 707 911 sapientia
720 846 830 911 pectus,
846 837 976 893 honestas

294 930 387 985 lloret
398 929 550 994 ornabunt,
565 928 703 982 exteriora
716 926 809 983 decor.

259 1018 329 1073 Ecce
344 1037 394 1090 per
406 1019 482 1071 hunc
494 1017 562 1072 urbs
574 1026 667 1071 sancta
680 1025 773 1095 patet,
784 1014 830 1073 lex
843 1027 936 1072 nostra
953 1019 1123 1092 triumphat,

294 1106 401 1162 Gentes
415 1117 481 1160 sunt
493 1105 584 1174 victe,
599 1106 699 1160 crescit
712 1105 742 1159 in
755 1105 824 1160 orbe
835 1104 912 1159 tides.

259 1194 314 1251 Sed
327 1196 409 1250 citius
423 1195 533 1266 rapitur
547 1211 622 1259 rosa,
638 1212 698 1267 que
711 1193 774 1266 plus
785 1204 882 1249 vernat
896 1195 924 1249 in
938 1195 1037 1263 horto;

295 1282 342 1340 Sic
354 1294 384 1338 et
395 1282 543 1338 florentem
557 1283 612 1337 lata
624 1281 715 1337 tulere
726 1282 828 1336 virum.

262 1372 338 1427 Mors
351 1371 512 1437 hominem,
526 1370 636 1444 requies
647 1371 786 1438 animam,
801 1371 920 1426 cisterna
932 1370 1048 1426 cadaver

295 1458 435 1532 Suscipit3
450 1459 525 1513 inter
539 1477 589 1513 nos
602 1458 641 1513 nil
655 1459 707 1512 nisi
720 1457 793 1513 lama
807 1470 910 1514 manet.

203 1604 330 1677 Adhuc
352 1603 497 1676 Urbano
523 1609 618 1700 Papa
643 1604 680 1674 in
707 1603 818 1675 domo
838 1604 984 1674 Domini
1007 1603 1163 1694 lucente,
1185 1619 1221 1677 et

157 1719 320 1792 tenebras
347 1718 392 1790 de
420 1718 590 1791 cordibus
617 1718 823 1789 mortalium
852 1719 1163 1817 praedicationibus
1185 1735 1223 1793 et

157 1835 325 1934 exemplis
336 1835 489 1930 digniter
502 1834 693 1931 effugante,
711 1835 919 1906 Guitbertus
931 1835 1220 1925 Ravennatensis,

156 1976 264 2048 quem
284 1950 506 2023 Clementem
534 1951 780 2040 nominarunt,
801 1951 991 2040 occubuit3
1019 1953 1078 2023 cui
1099 1957 1223 2024 Petrus

157 2071 228 2138 Leo
241 2067 491 2163 hujuscemodi
509 2065 681 2163 elogium,
701 2066 938 2139 versificando
956 2067 1146 2156 insultans,
1168 2068 1223 2139 in·

158 2182 238 2253 tulit
249 2183 304 2278 (l)
319 2211 327 2253 :

266 2346 324 2401 Nee
339 2347 391 2401 tibi
405 2345 495 2401 Roma
507 2345 615 2413 locum,
632 2364 683 2401 nec
695 2345 758 2413 dat,
769 2346 939 2411 Guitberte,
952 2345 1098 2415 Ravenna,

298 2434 332 2489 In
344 2445 445 2490 neutra
456 2435 580 2508 potitus,
594 2452 670 2488 nunc
682 2433 718 2489 ab
731 2445 850 2508 utraque
862 2453 950 2490 vacas.

263 2525 321 2595 Qui
334 2524 448 2590 Sutrio,
463 2525 571 2591 vivens,
586 2523 752 2579 maledictus
765 2523 842 2598 Papa
854 2524 947 2592 suisti,

299 2614 332 2668 In
343 2613 500 2669 Castellnna
512 2615 566 2685 (2),
581 2624 725 2682 mortuns,
738 2611 810 2668 urbe
819 2613 905 2685 jaces.

264 2702 317 2758 Sed
330 2703 397 2776 quia
411 2719 514 2758 nomen
525 2719 587 2757 erue
598 2703 659 2757 eine
673 2720 718 2770 re,
733 2720 785 2775 pro
799 2703 913 2758 nomine
927 2718 998 2755 vano

301 2789 442 2846 Cerberus
453 2790 560 2846 lnlerni
572 2789 632 2862 jum
643 2791 696 2845 tibi
710 2790 829 2845 claustra
842 2800 930 2862 parat.

208 2931 385 3004 Defuncto
411 2932 560 3005 Urbano
584 2939 700 3033 Papa,
728 2933 932 3020 Rainerius,
954 2929 1062 3002 Vallis
1083 2933 1224 3005 Brutin-

159 3073 241 3119 rum
269 3048 484 3137 monachus,
515 3050 552 3120 in
583 3047 790 3120 Paschalem
816 3053 911 3146 Papa
935 3046 1066 3119 electus
1091 3063 1162 3137 est,
1189 3064 1225 3123 et

160 3170 232 3235 xv1¹
249 3164 307 3238 die
326 3191 346 3239 a
365 3167 515 3238 transitu
537 3166 812 3266 praedecessoris
833 3165 887 3237 sui
904 3166 1077 3237 canonice
1096 3191 1219 3239 eonse-

160 3295 279 3353 cratus
297 3297 351 3353 est
370 3283 439 3378 (3).
459 3281 701 3381 Apostolieam
720 3305 807 3353 vero
826 3281 949 3353 sedem
967 3279 1039 3350 sere
1057 3306 1103 3351 xx
1123 3282 1227 3353 annis

1116 3462 1223 3477 n

196 3564 234 3631 (l)
248 3563 323 3632 Quoi
336 3560 420 3635 qu’eu
432 3561 492 3617 dire
505 3573 586 3616 notre
598 3573 708 3629 auteur,
719 3572 764 3617 cet
775 3562 917 3633 Antipape
930 3579 965 3614 ne
975 3570 1091 3615 mourut
1101 3559 1230 3635 qu'apree

164 3649 271 3704 Urbain
283 3651 330 3721 11,
342 3650 412 3704 dane
424 3648 464 3705 les
475 3651 612 3724 premiere
620 3649 701 3721 jours
714 3649 858 3705 d’octobre
870 3653 951 3706 4400.
1204 3642 1207 3647 ’

198 3741 237 3809 (2)
253 3739 531 3806 civita-Camellani,
545 3739 609 3795 ville
627 3738 799 3813 episcopale,
813 3738 829 3792 l
848 3749 910 3811 sept
925 3737 1014 3792 lienes
1029 3738 1059 3794 S.
1075 3739 1107 3794 E.
1126 3736 1161 3791 de
1176 3736 1231 3794 Vi·

163 3827 252 3882 terbe.
265 3859 296 3868 -
310 3827 388 3883 Sutri
395 3869 403 3896 ,
417 3830 432 3883 t
445 3830 485 3883 six
497 3828 584 3884 lienes
598 3839 627 3883 et
639 3827 732 3883 demie
744 3827 773 3883 S.
790 3827 819 3882 S.
832 3826 865 3881 E.
879 3827 914 3882 de
929 3826 1056 3883 Viterbe.

201 3917 239 3988 (3)
253 3917 369 3985 Renier,
382 3918 535 3991 originaire
547 3917 583 3972 de
596 3917 680 3973 Bleda
689 3935 724 3972 en
735 3918 871 3985 Toreane,
882 3917 977 3971 moine
985 3914 1020 3971 de
1032 3914 1117 3971 Cluui
1127 3916 1167 3986 (et
1176 3932 1233 3970 non

164 4007 200 4062 de
213 4006 450 4079 Vallombreuse),
461 4009 525 4082 puis
534 4009 605 4063 abbe
618 4006 653 4062 de
667 4006 884 4063 SaintLanrent
893 4017 922 4061 et
935 3993 1160 4076 Sunt-Etleune,
1169 4020 1234 4059 eous

166 4095 206 4148 les
221 4111 299 4149 murs
310 4095 346 4151 de
361 4096 466 4164 Rome,
481 4106 510 4152 et
522 4094 660 4164 cardinal,
673 4093 718 4149 snt
731 4094 776 4149 e'ln
788 4093 863 4168 Pape
875 4093 901 4148 le
912 4098 946 4150 43
960 4093 1027 4148 notit
1045 4095 1114 4149 4099
1122 4135 1130 4161 ,
1143 4109 1192 4146 tur
1207 4090 1233 4144 la

166 4182 345 4258 designation
358 4185 393 4240 de
406 4203 457 4240 eon
469 4184 676 4259 predeuetnenm
687 4194 716 4239 et
727 4185 785 4257 prit
796 4183 822 4238 le
835 4201 902 4239 nom
915 4181 951 4239 de
963 4181 1056 4238 Peeeel
1070 4183 1105 4236 lt.
1117 4180 1142 4236 ll
1153 4195 1235 4234 mou·
