2888 4934
513 428 629 490 LIBER
651 429 919 490 nuonnctttus.
1183 429 1243 491 489

185 567 285 657 vicit,
312 580 347 636 et
373 562 495 635 album
523 587 635 659 usque
664 562 710 634 ad
736 562 932 657 marginem
957 561 1069 655 stagni
1097 559 1240 655 fugavit.

187 686 268 752 Haec
294 682 462 751 nimirum
484 704 566 776 rege
587 675 784 777 spectanteq
805 702 891 749 cum
911 674 1112 746 Britonibus
1140 675 1245 748 tristis

187 795 352 894 ploravit.
373 796 542 868 Merlinus
558 795 746 894 inquisitus
762 808 859 866 vates
876 792 922 864 ab
940 791 1097 863 attonitis
1113 804 1246 890 specta·

189 910 327 981 toribus
340 935 496 1010 praesago
510 910 633 1008 spiritu
647 909 811 981 disseruit
824 908 924 1006 quod
935 921 1060 1003 stagno
1072 905 1109 977 in
1123 904 1243 977 medio

188 1026 393 1122 pavimento
409 1026 618 1124 figuraretur
638 1024 810 1115 mundus;
832 1022 975 1095 duobus
996 1023 1105 1114 vasis,
1125 1022 1245 1093 insulae

189 1142 341 1229 Oceani;
367 1142 540 1230 tentorio,
567 1141 673 1212 urbes
698 1138 884 1211 Britanniae
905 1152 940 1210 et
962 1139 1032 1210 vici
1057 1134 1246 1233 inquibus

190 1252 346 1327 humana
369 1270 421 1326 est
450 1255 643 1348 habitatioq
675 1254 820 1327 duobus
847 1278 933 1326 vero
964 1252 1146 1325 vermibus
1171 1252 1246 1325 duo

189 1372 314 1470 populi
334 1374 518 1443 Britonum
537 1388 572 1444 et
591 1371 786 1469 anglorum
809 1371 1051 1468 designantur,
1077 1369 1139 1468 qui
1160 1370 1249 1441 diris

188 1488 413 1560 conflictibus
426 1489 581 1560 vicissim
597 1489 833 1581 vexabuntur,
853 1487 970 1558 donec
986 1485 1248 1584 sanguinolenti

189 1605 364 1694 Saxones,
391 1605 452 1701 qui
478 1629 542 1703 per
566 1603 719 1676 rubeum
746 1603 940 1675 draconem
963 1601 1245 1700 portenduntur,

189 1719 359 1813 usquein
382 1717 599 1791 Cornuhiam
624 1733 661 1790 et
681 1742 789 1817 supra
809 1717 907 1788 littus
928 1715 1061 1787 Oceani
1086 1714 1248 1786 Britones

189 1830 376 1927 fugabunt,
397 1836 458 1933 qui
478 1859 542 1932 per
558 1833 681 1905 album
702 1856 861 1904 vermem
882 1830 1022 1926 figurati
1042 1845 1142 1919 sunt,
1162 1829 1246 1926 quia

188 1947 285 2018 fonte
294 1946 545 2046 baptismatisa
557 1950 683 2022 diebus
691 1950 791 2021 Lucii
800 1949 891 2044 regis
899 1965 934 2019 et
943 1947 1134 2019 Eleutherii
1147 1952 1248 2044 Papae

189 2060 443 2136 deanatisunt.
457 2069 535 2138 Jam
544 2065 659 2137 dictus
670 2080 765 2138 vates
772 2065 927 2137 seriatim
937 2088 1016 2161 quae
1025 2063 1248 2135 suturaerant

189 2177 311 2248 insulis
326 2182 582 2277 septentrionis
598 2181 775 2279 praedixit,
795 2181 991 2278 typicisque
1007 2178 1249 2251 locutionibus

189 2298 369 2367 memoriae
377 2296 572 2369 litterarum
584 2296 740 2370 tradidit.
757 2296 895 2369 Deinde
908 2310 1097 2394 postquam
1108 2293 1154 2367 de
1165 2297 1249 2367 Gen·

189 2410 330 2481 manico
341 2436 460 2484 verme
468 2426 504 2484 et
512 2413 749 2485 decimatione
759 2412 926 2485 Neustriae
936 2412 1077 2484 locutus
1089 2424 1154 2501 est,
1168 2433 1249 2507 quae

188 2524 225 2595 in
236 2525 376 2597 Alsredo
387 2527 493 2600 fratre
502 2527 659 2601 Eduardi
670 2527 733 2619 filii
741 2527 903 2624 Egelredi
913 2527 1016 2622 regis,
1028 2522 1249 2596 etsodalibus

187 2640 263 2735 ejus
275 2642 468 2714 Guelesord
486 2643 576 2715 iacta
588 2658 642 2716 est
658 2644 689 2738 (t
699 2647 728 2738 ),
747 2645 797 2714 sic
813 2643 859 2714 de
875 2641 1054 2741 praesentis
1068 2639 1132 2710 aevi
1146 2638 1247 2711 volu-

187 2752 338 2844 bilitate,
358 2769 394 2825 et
410 2780 530 2827 rernm
546 2757 691 2828 turbida
707 2757 902 2828 variatione
918 2753 1130 2826 vaticinatus
1145 2766 1220 2824 est:

221 3009 261 3080 (t)
278 3007 392 3083 lis’agit
403 3010 438 3064 ici
451 3009 487 3066 de
499 3010 525 3065 ia
536 3010 705 3067 decimationi
717 3011 766 3066 des
778 3027 967 3084 compagnons
978 3009 1105 3065 d’Alsred
1116 3011 1132 3064 t
1143 3006 1248 3066 Guild-

186 3095 250 3150 iord
267 3097 402 3170 (surrey)
418 3116 453 3153 en
472 3102 551 3156 toto.
571 3098 653 3156 Voici
670 3098 696 3154 la
713 3101 825 3174 portion
840 3099 879 3154 du
895 3108 970 3155 texte
985 3098 1021 3153 de
1034 3097 1160 3154 Geoffroi
1178 3095 1249 3154 dont

186 3182 226 3238 ies
235 3185 361 3241 derniers
370 3197 443 3241 nrots
451 3197 502 3241 ont
513 3186 711 3262 eteappliques
722 3191 737 3243 t
748 3198 791 3243 cet
801 3191 975 3253 crement,
987 3197 1017 3242 et
1025 3184 1249 3242 insaittiblement

187 3275 337 3349 interpoles
350 3278 430 3349 apres
439 3295 524 3351 coup,
535 3295 644 3332 comme
655 3278 682 3334 ie
694 3296 800 3351 proure
811 3277 1024 3334 l’introdnction
1036 3274 1199 3331 maiadroite
1208 3273 1249 3331 du

186 3375 247 3420 mot
260 3389 266 3419 :
279 3365 428 3435 Neustria,
446 3367 495 3441 qui
513 3367 653 3423 u’existait
670 3387 718 3442 pas
731 3373 832 3424 encore
845 3387 881 3424 au
894 3379 985 3441 temps
997 3367 1033 3422 de
1045 3365 1160 3437 Medio,
1177 3365 1249 3423 maie

186 3451 254 3525 qu'il
268 3473 283 3508 a
295 3453 362 3509 bien
375 3453 441 3510 saltu
455 3455 576 3528 prendre
588 3474 660 3529 pour
672 3457 760 3512 briter
772 3455 844 3511 celui
856 3455 892 3512 de
904 3456 1093 3512 Normannia.
1232 3456 1238 3465 ’

222 3542 340 3598 Exinde
351 3544 531 3599 coronabitur
545 3546 729 3602 Germanicus
742 3550 843 3602 vermis
847 3589 854 3616 ,
873 3558 900 3603 et
916 3546 1034 3605 OEneus
1050 3550 1180 3620 princeps
1193 3545 1246 3599 bu-

188 3629 320 3688 mabitur.
348 3633 497 3687 Terminus
522 3634 567 3689 itti·
585 3638 693 3708 positus
714 3644 777 3698 est,-
803 3655 885 3710 quem
911 3638 1085 3693 transvolare
1112 3634 1247 3710 nequibit.

190 3718 306 3772 Centum
319 3737 440 3793 namque
453 3724 660 3795 quinquaginta
676 3727 760 3779 annis
778 3726 807 3779 in
822 3724 1013 3796 inquietudine
1032 3734 1060 3781 et
1078 3724 1248 3798 subjectione

187 3806 319 3862 manebit.
340 3807 482 3864 Trecentis
498 3829 561 3866 vero
573 3800 714 3869 inridebit.
734 3813 817 3868 Tunc
827 3824 962 3888 exsurget
977 3818 1003 3869 in
1020 3832 1082 3868 eum
1096 3812 1204 3883 aquilo,
1219 3820 1247 3865 et

182 3893 268 3959 stores
279 3913 349 3967 quos
362 3897 503 3971 zephyrus
513 3904 670 3971 procreavit
681 3904 790 3973 eripiet,
808 3906 861 3957 erit
872 3901 1017 3959 deauratio
1031 3905 1061 3956 in
1076 3899 1185 3972 templis
1197 3918 1248 3955 nec

186 4000 302 4037 acumen
317 3983 477 4053 gladiorum
493 3988 623 4043 cessabit.
644 3989 703 4044 Vix
716 3990 851 4047 obtinebit
866 4011 1002 4047 cavernas
1018 4008 1085 4046 suas
1098 3988 1245 4043 Germani·

186 4090 236 4122 cus
248 4075 363 4135 vermis,
376 4077 442 4145 quin
456 4075 524 4131 ultio
535 4076 701 4147 proditionis
716 4081 777 4153 ejus
793 4084 978 4152 superveniet.
999 4079 1114 4153 Vigebr't
1129 4077 1243 4135 tandem

97 4222 103 4247 Ι,
185 4160 343 4231 paulisper
357 4161 409 4219 scd
418 4163 564 4222 decinmtr'o
577 4166 720 4226 Neustrioe
731 4172 849 4228 nocebit.
