3130 5058
339 405 400 466 232
612 394 796 464 HISTORIA
818 393 1125 468 EchEstssttca
1293 399 1408 484 [1106]

339 535 484 608 fratrem
500 548 623 616 secum
641 535 807 625 adduxit,
826 551 861 608 et
878 535 1063 634 praefatum
1078 533 1228 609 militem
1247 535 1294 608 ad
1312 559 1408 610 nan-r

339 649 545 724 ciscendum
569 651 744 750 oppidum
770 651 930 726 celeriter
954 653 1159 726 transmisit.
1183 655 1301 738 Quem
1324 652 1407 750 ipse·
1460 649 1465 660 '

338 770 502 868 protinus
515 784 670 858 secutus,
688 767 859 841 Falesiam
875 770 1092 868 properavit,
1110 769 1285 865 jussuque
1301 767 1404 840 ducis

339 884 577 956 munitionem
594 898 630 955 et
651 881 858 956 fidelitatem
880 883 1111 980 burgensium
1134 883 1280 981 recepit.
1303 885 1407 954 'runc

339 999 414 1095 regi
431 997 648 1078 Guillelrnus
657 1021 761 1096 puer,
783 998 846 1094 qui
865 997 1088 1071 nutriebatur
1104 997 1255 1088 ibidem,
1275 995 1407 1068 alinum

340 1127 405 1185 est.
424 1116 558 1204 Quem,
577 1113 795 1210 praetimore
815 1128 1041 1204 trementem,
1063 1138 1125 1185 rex
1139 1111 1406 1209 contemplatus·
1534 1183 1535 1190 ,

340 1243 410 1312 est,
439 1228 615 1324 variisque
641 1227 679 1298 in
707 1241 831 1301 tenera
853 1242 953 1300 aetate
974 1227 1177 1300 infortuniis
1199 1226 1403 1326 impetitum
1534 1213 1535 1240 l

341 1341 505 1420 dulcibus
526 1343 709 1442 Promissis
726 1343 929 1416 consolatus
947 1358 1011 1416 cst.
1037 1343 1194 1433 Deinde,
1216 1368 1262 1416 ne
1284 1342 1404 1440 aliqua

341 1459 409 1532 sibi
433 1459 574 1532 occasio
598 1458 840 1570 derogationis
868 1461 1038 1550 oriretur,
1063 1461 1093 1532 si
1117 1484 1208 1560 puer
1230 1459 1268 1530 in
1294 1481 1404 1532 mauu
1534 1529 1535 1566 3

342 1573 418 1668 ejus
445 1573 604 1671 quolibet
637 1573 767 1646 infesto
793 1599 878 1647 casu
906 1574 1109 1665 laederetur,
1141 1573 1313 1674 peculiari
1338 1571 1407 1645 sub
1534 1587 1535 1666 ᾗ

343 1691 452 1764 tutela
465 1717 549 1764 eum
562 1692 718 1763 retinere
731 1690 863 1782 noluit,
882 1692 946 1764 sed
964 1692 1072 1765 Heliae
1087 1693 1133 1764 de
1150 1694 1282 1764 Sancto
1299 1689 1405 1763 Sido·

342 1807 405 1878 nio
423 1807 478 1904 (l)
499 1807 547 1879 ad
569 1806 797 1879 educandum
821 1807 1099 1880 commendavit.
1125 1806 1250 1879 Eidem
1267 1807 1407 1904 qnippe
1534 1855 1535 1920 3

344 2035 462 2127 derat,
481 2051 517 2110 et
534 2042 766 2110 arcacensem
784 2038 994 2111 comitatum
1010 2037 1064 2134 (2)
1080 2036 1297 2126 concedens,
1316 2037 1407 2108 inter

344 2152 543 2250 precipuos
559 2153 785 2224 Normanniae
800 2151 955 2226 barones
971 2152 1071 2226 illum
1088 2164 1331 2252 promoverat.

396 2265 531 2338 Auditis
544 2267 748 2339 rumoribus
763 2267 810 2340 de
824 2269 973 2340 victoria
984 2269 1088 2365 regis,
1107 2267 1261 2365 religiosi
1274 2267 1408 2364 quiquo

345 2381 450 2454 laetati
474 2396 569 2453 sunt.
601 2379 747 2478 Exleges
768 2396 889 2456 autem
915 2397 951 2456 et
980 2382 1206 2481 malignitatis
1232 2395 1409 2456 amatores

346 2496 543 2568 contristati
574 2495 762 2584 luxerunt,
797 2497 880 2594 qnia
908 2498 1036 2594 jugum
1065 2497 1249 2571 indomitae
1281 2494 1408 2570 cervici

345 2628 419 2684 suae
442 2611 615 2684 divinitus·
639 2612 847 2710 impositum
876 2637 943 2712 pro
972 2628 1070 2686 certo
1097 2626 1289 2686 noverunt.
1319 2615 1408 2686 Nam

346 2725 503 2799 seditiosi
517 2726 717 2826 praedones,
732 2752 864 2826 exquo
875 2729 1145 2827 sceptrigerum,
1160 2753 1269 2827 quem
1282 2728 1407 2800 fortem

342 2839 570 2937 justitiarium
578 2841 665 2913 olim
674 2841 1015 2941 comprobaverunt,
1026 2842 1306 2915 adminiculante
1315 2845 1405 2929 Deo,

347 2957 568 3054 superiorem
594 2955 757 3030 hostibus
784 2958 821 3030 in
852 2956 948 3029 bello
975 2959 1260 3056 comperierunt,
1291 2957 1411 3054 agnita

346 3072 413 3142 viri
426 3072 556 3144 virtute
569 3097 634 3172 per
645 3073 786 3145 diversa
801 3074 920 3144 statim
935 3071 1014 3144 loca
1028 3071 1259 3171 diffugerunt,
1279 3086 1316 3144 et
1332 3069 1408 3143 solo

347 3184 475 3257 timore
495 3185 588 3257 illius
604 3210 624 3256 a
641 3186 752 3258 solitis
772 3186 1058 3259 infestationibus
1078 3202 1318 3260 cessaverunt.
1343 3189 1407 3257 Ne·

347 3293 441 3370 fariis
457 3323 544 3396 ergo
560 3298 716 3398 collegiis
732 3299 800 3373 hac
815 3315 851 3372 et
864 3299 945 3373 illac
961 3299 1143 3401 dispersis,
1158 3315 1315 3374 scemata
1332 3324 1411 3372 mue

382 3607 423 3678 (l)
441 3606 523 3662 Helie
537 3607 573 3662 de
592 3607 780 3678 Saint-Saens,
797 3609 1033 3665 arrandisoement
1050 3609 1086 3666 de
1106 3607 1288 3675 Nenlclrdtel,
1312 3605 1356 3664 liis
1372 3605 1404 3662 ‹tr

347 3692 480 3750 Lambert
490 3693 527 3749 de
542 3693 735 3763 saint-Saena,
753 3696 845 3770 lequel
859 3698 945 3765 avait,
964 3697 1074 3764 dit-on,
1093 3715 1165 3770 pour
1181 3696 1248 3769 plere
1265 3692 1413 3766 Richards

345 3783 466 3840 vicomte
477 3783 513 3840 de
529 3783 644 3852 Rouen,
663 3794 692 3841 et
705 3802 777 3858 pour
790 3786 866 3840 mere
878 3803 935 3841 une
946 3786 1024 3841 nibce
1037 3785 1073 3842 de
1085 3785 1111 3840 la
1125 3785 1262 3841 dncheme
1277 3783 1404 3840 Gonnos

346 3871 401 3928 Sur
411 3881 484 3928 cette
498 3871 670 3945 genealogie,
685 3888 741 3945 que
754 3889 825 3926 nous
833 3891 877 3945 ge
896 3874 1083 3946 garantiasons
1096 3891 1160 3948 pas,
1176 3889 1260 3946 voyez
1275 3870 1303 3928 le
1319 3869 1405 3927 conti-

347 3972 467 4017 nuateur
478 3960 514 4018 de
524 3959 687 4016 Gnillanme
700 3958 736 4015 dc
747 3959 903 4035 Jumie'ges,
917 3962 962 4018 ed.
975 3962 1013 4017 de
1024 3961 1189 4028 Dncbesne',
1203 3979 1232 4034 p.
1245 3963 1309 4018 m.

381 4052 420 4122 (2)
438 4051 476 4105 Le
497 4051 589 4106 comte
607 4046 758 4122 d’Arques,
782 4048 845 4121 plus
865 4051 1078 4106 anciennement
1097 4047 1194 4123 appel&
1212 4046 1240 4104 le
1260 4049 1353 4105 conte
1373 4046 1413 4102 dt*

348 4139 455 4196 Talon.-
