2888 4934
204 425 411 507 [reo-11³1]
530 420 647 483 ornan
667 418 935 484 nuonncmus.
1198 421 1259 483 tm

203 585 324 633 eomes
333 561 461 632 iterum
472 558 665 630 Jerusalem
677 555 829 654 perrexit
840 554 910 653 (4),
923 565 959 626 et
971 549 1080 624 liliam
1094 553 1256 626 Balduini

203 677 294 772 regis
319 680 350 746 ll
372 675 427 773 (2)
448 674 485 745 in
513 674 701 769 conjugem
728 671 882 769 accepit,
910 692 1129 765 regnumque
1156 672 1259 742 Jeru-

204 793 331 883 salem,
360 805 396 863 et
418 789 657 888 principatum
686 785 899 878 Antiochiae,
925 807 1004 882 quae
1036 782 1258 857 famosissimi

203 907 391 979 bellatores
413 907 471 977 vix
491 904 738 997 obtinuerant,
766 902 866 976 facile
889 900 1059 1002 possedit.
1086 900 1258 974 Diadema

202 1045 348 1119 quoque
374 1036 531 1095 maturus
554 1044 656 1092 socer
683 1019 734 1091 illi
759 1017 906 1111 obtulit,
936 1016 1000 1090 sed
1029 1015 1089 1088 illo
1118 1019 1259 1090 vivente

198 1137 321 1232 junior
343 1136 433 1210 serre
458 1136 643 1209 recusavit.
674 1138 887 1207 Potestatem
912 1148 1030 1206 tumen
1057 1157 1122 1232 per
1147 1157 1259 1204 unum

201 1275 350 1346 annum,
363 1277 437 1349 quo
448 1266 572 1350 postea
582 1251 701 1323 senior
710 1249 916 1348 supervixit,
931 1264 972 1321 ut
984 1273 1091 1345 gener
1101 1262 1136 1320 et
1147 1247 1259 1321 haeres

201 1366 238 1435 in
260 1380 336 1438 toto
361 1366 512 1465 imperio
536 1381 632 1439 tutus
655 1366 801 1464 agitavit
825 1364 893 1463 (3)
920 1369 961 1437 ln
987 1364 1111 1464 primis
1141 1365 1259 1435 minus

200 1481 327 1554 callide
342 1505 451 1579 quam
468 1481 641 1554 decuisset
658 1481 775 1555 sutura
795 1480 972 1581 previdit,
995 1480 1173 1579 nimisque
1190 1481 1259 1552 fes·

198 1597 294 1668 tinus
309 1598 571 1697 preposituras,
590 1597 748 1695 eliasque
764 1597 951 1695 dignitates
969 1596 1258 1670 irrationabiliter

200 1715 358 1787 mutavit.
386 1715 559 1788 Primores
584 1715 682 1787 enim
701 1716 765 1813 qui
787 1714 834 1788 ab
857 1714 959 1786 initio
978 1728 1106 1787 contra
1125 1718 1258 1785 Turcos

199 1828 329 1901 obnixe
345 1843 580 1923 certaverunt,
595 1845 729 1904 etcum
743 1828 950 1903 Godelredo
966 1853 1009 1902 ac
1026 1828 1169 1902 duobus
1183 1830 1257 1900 Bal·

197 1943 316 2018 duinis
331 1945 438 2018 urbes
456 1971 499 2020 ac
520 1947 713 2045 municipia
734 1944 802 2018 sibi
821 1945 1000 2019 laboriose
1020 1945 1252 2041 subegerunt,

197 2083 314 2131 novus
324 2060 490 2158 princeps
502 2084 525 2133 a
539 2085 605 2133 sua
613 2060 846 2133 familiaritate
857 2060 1024 2152 removit,
1040 2074 1088 2153 et,
1102 2058 1256 2131 suffectis

198 2171 508 2267 andegavensibus
529 2174 695 2268 advenis,
718 2173 865 2271 aliisque
885 2172 1035 2246 rudibus
1057 2174 1119 2271 qui
1141 2198 1256 2274 nuper

196 2305 431 2382 accesserant,
449 2289 653 2384 obaudivit,
675 2289 902 2389 consiliisque
918 2290 1017 2387 regni
1033 2303 1068 2362 et
1083 2288 1255 2361 custodiis

195 2403 438 2477 munitionum
455 2403 648 2478 modernos
664 2404 883 2499 adulatores,
901 2404 1079 2479 veteribus
1096 2406 1255 2503 patronis

193 2521 356 2621 repulsis,
368 2524 534 2622 praelecit.
552 2528 691 2600 Rnncor
701 2524 786 2598 inde
796 2527 928 2599 nimius
939 2541 1083 2599 exortus
1094 2539 1159 2618 est,
1173 2526 1253 2597 etin

193 2638 320 2709 rudem
336 2638 537 2712 officiorum
552 2642 820 2714 immutatorem
837 2642 1061 2712 cervicositas
1073 2654 1256 2737 magnato·

193 2776 274 2822 rum
297 2751 547 2825 damnabiliter
567 2754 658 2826 eluta
679 2768 745 2826 est.
771 2754 937 2827 Studium
958 2754 1133 2849 bellandi,
1155 2752 1254 2852 quod

193 2868 379 2939 unanimes
390 2867 597 2942 debuissent
612 2871 649 2941 in
666 2869 837 2944 Ethnicos
854 2895 1032 2965 exercere,
1047 2872 1175 2970 spiritu
1191 2895 1252 2941 ne-

192 2980 309 3076 quitiae
325 2981 449 3077 inflati,
465 2984 599 3058 diutius
612 2986 649 3057 in
662 3010 727 3059 sua
737 2988 872 3061 viscera
885 2988 999 3061 moliti
1011 3003 1095 3061 sunt
1105 2989 1249 3085 agitare.

190 3097 318 3167 Secum
336 3098 442 3170 etiam
460 3101 605 3196 gentiles
625 3103 793 3200 utrinque
813 3118 938 3177 contra
956 3126 994 3177 se
1009 3103 1254 3200 conglomera·

189 3349 296 3407 ltostem
308 3371 403 3422 suum,
415 3352 661 3429 perendinansque
674 3355 756 3427 apud
770 3357 913 3428 Sparnum
925 3344 1088 3433 (Epemon)
1104 3374 1140 3411 vu
1153 3356 1252 3411 diebus

189 3448 247 3492 tom
265 3458 362 3497 secure
380 3460 415 3498 ac
435 3444 463 3497 si
478 3444 507 3498 in
526 3461 613 3519 regno
636 3463 688 3499 suo
707 3454 795 3514 esset,
812 3446 945 3519 compulit
965 3465 1059 3520 regem
1079 3444 1251 3502 Ludovicum

188 3528 298 3583 auxilia
311 3532 406 3584 comiti
414 3529 589 3587 Flandrensi
598 3533 754 3607 nonserre.

223 3615 262 3685 (4)
279 3616 319 3672 Ce
333 3616 436 3673 second
448 3636 552 3694 voyage
564 3619 604 3675 du
615 3631 708 3677 comte
721 3621 844 3694 d'Anjou
855 3624 871 3677 l
882 3621 1034 3680 Jerusalem
1047 3634 1096 3679 eut
1111 3624 1168 3678 lieu
1183 3620 1251 3675 dans

186 3700 213 3756 la
225 3701 344 3759 seconde
354 3706 452 3762 moitie
464 3707 499 3763 de
510 3711 592 3767 4429.
603 3709 767 3767 Guillanme
778 3711 815 3767 de
826 3711 919 3769 Toura
930 3731 1078 3788 remmque
1087 3729 1143 3787 que
1153 3728 1184 3767 ce
1196 3710 1250 3764 sei-

188 3807 278 3862 gneur
285 3791 354 3847 etait
363 3810 434 3848 tour
445 3793 481 3850 de
493 3796 627 3867 chereas,
639 3799 709 3860 mais
719 3799 789 3874 qu’il
800 3800 901 3857 n’avait
911 3820 1003 3858 aucun
1013 3801 1063 3858 des
1073 3800 1184 3856 delente
1194 3816 1250 3872 que

186 3875 321 3950 l’opinion
333 3878 468 3956 publiqne
481 3884 616 3940 attachait
626 3885 699 3943 elota
711 3890 728 3944 δ
739 3898 812 3944 cette
823 3890 939 3947 couleur
949 3888 985 3946 de
995 3889 1022 3945 la
1034 3886 1190 3943 chevelure.

220 3966 260 4036 (Ξ)
279 3965 447 4038 Meliaende,
462 3969 518 4026 fille
529 3972 608 4029 ainee
619 3971 656 4029 de
668 3974 815 4032 Bandouin
827 3978 869 4049 11,
885 3979 928 4034 roi
941 3977 978 4032 de
988 3973 1152 4031 Jerusalem.

220 4052 260 4124 (3)
276 4052 421 4110 Raudouiu
434 4069 549 4115 mourut
563 4059 589 4117 le
600 4062 631 4119 2⁴
648 4062 714 4120 aurit
726 4067 806 4136 tttt,
823 4075 852 4121 et
866 4064 994 4139 Foulqne
1008 4063 1053 4118 lut
1067 4064 1210 4119 couronne
1222 4060 1248 4117 le

186 4140 220 4196 tt
231 4141 388 4214 septembre
400 4144 518 4203 suivant.
