2888 4934
188 426 313 505 [1118]
529 420 936 485 urrunnuonncruus.
1202 427 1263 488 325

191 555 335 628 iterum
359 553 557 650 mquisivit3
582 554 644 628 sed
666 553 754 626 nihil
774 551 944 643 obtinuit,
968 567 1184 652 moestusque
1203 581 1261 628 re·

193 671 323 745 eeseit.
333 670 505 767 Sequenti
516 694 601 743 vero
614 669 685 761 die,
699 674 809 744 Retro
820 694 954 761 eomes,
969 671 1164 747 avunculus
1174 675 1264 771 ejus,

199 809 330 883 regem
344 783 390 857 de
400 784 568 885 praedictn
577 811 617 859 re
630 785 1065 896 repetiitaconsiliumque,
1078 811 1125 859 ue
1138 786 1266 861 seditio

199 916 507 1000 augmentaretur,
526 903 559 975 ei
574 901 774 1001 benigniter
789 901 899 975 dedit.
916 901 1024 998 Cujus
1041 903 1186 977 monitis
1202 929 1264 977 rex

201 1017 401 1116 adquievit,
418 1032 453 1090 et
466 1042 531 1116 per
543 1018 713 1092 eumdem
731 1018 894 1092 Richen'o
912 1042 951 1090 se
966 1018 1087 1093 omnia
1106 1044 1184 1116 quae
1201 1045 1266 1120 pe-

203 1135 310 1206 tierat
333 1131 558 1206 redditurum
586 1135 781 1207 mandavit.
813 1135 876 1206 His
904 1132 1054 1223 auditis,
1083 1134 1267 1207 Richerius

202 1247 346 1346 gavisus
360 1262 426 1339 est,
445 1263 482 1320 et
498 1247 681 1321 Ludovico
695 1250 866 1346 reginum
882 1273 1012 1347 magno
1025 1250 1181 1323 exercitu
1191 1250 1268 1345 jum

201 1365 415 1464 properanti
435 1363 580 1438 obviam
600 1367 780 1464 profectus
796 1380 861 1439 eet.
886 1371 1029 1453 Tecum,
1050 1365 1183 1463 inquit,
1202 1364 1264 1437 do·

203 1482 303 1552 mne
316 1482 379 1567 mi,
401 1505 516 1577 nuper
522 1480 603 1577 feci
611 1497 770 1578 paetum,
789 1479 883 1580 quod
897 1497 1014 1554 tenere
1029 1507 1174 1580 nequeo.
1195 1487 1268 1555 Do·

203 1597 325 1666 minus
339 1598 434 1667 enim
450 1621 558 1681 meus,
580 1621 645 1666 rex
662 1596 872 1695 Augurum,
888 1596 978 1667 milti
993 1612 1103 1668 totum
1119 1597 1271 1668 resu'uu't

203 1707 301 1809 qued
314 1709 487 1807 petebam.
512 1709 613 1782 Unde
620 1711 759 1810 J'usuem
778 1727 884 1783 estut
902 1713 941 1782 iu
955 1709 1115 1785 omnibus
1129 1732 1267 1783 consen

206 1852 281 1899 vem
302 1830 339 1898 ei
349 1826 463 1919 fidem
484 1831 671 1927 mtegram.
697 1828 900 1900 Ludovicus
920 1851 983 1900 rex
1003 1827 1074 1898 ait:
1093 1825 1208 1914 Vade,
1232 1844 1268 1900 et

198 1938 341 2036 factem
353 1942 591 2041 quodpotero.
605 1945 801 2017 Confestim
813 1943 995 2016 Richeriue
1004 1944 1170 2043 proprios
1178 1943 1268 2019 lares

203 2058 363 2156 repetiit,
386 2073 424 2130 et
441 2083 503 2131 rex
522 2058 742 2159 pedetentim
760 2085 844 2132 eum
862 2060 962 2132 omni
982 2061 1112 2132 virtute
1134 2083 1199 2131 sua
1222 2059 1269 2131 ad

204 2187 328 2270 portes
346 2173 481 2270 Aquilae
500 2176 659 2248 accessit.
678 2175 877 2275 Oppidanis
901 2189 1020 2247 autem
1042 2160 1125 2247 eese'
1144 2174 1268 2247 defen·

204 2285 292 2360 dere
310 2288 513 2363 volentibus
530 2317 593 2363 rex
609 2292 751 2382 institit,
770 2292 972 2389 nimiusque
988 2304 1117 2363 ventus
1134 2290 1266 2387 ignem,

204 2403 365 2476 noeeion
387 2429 461 2502 quo
479 2407 696 2496 immissum,
719 2405 918 2479 admodum
938 2405 1042 2497 aluit3
1066 2429 1140 2503 quo
1161 2404 1269 2478 flante

204 2514 352 2593 flammo
363 2545 474 2595 vorax
490 2537 605 2596 totum
619 2522 794 2622 oppidum
812 2522 1064 2595 concremavit.
1086 2518 1268 2593 Rieherius

203 2629 342 2732 itaque,
361 2635 424 2707 teli
446 2651 591 2709 coaetus
607 2637 823 2727 infortunio,
843 2635 889 2709 ed
907 2660 1028 2734 regem
1045 2635 1211 2723 accessit,
1231 2648 1269 2705 et

205 2744 340 2821 fmdere
353 2749 580 2841 confirmato,
595 2758 647 2822 u1⁰
659 2775 774 2823 nonas
782 2749 993 2848 septembris
1004 2749 1268 2820 munimentum

204 2862 349 2935 Frnneis
364 2863 533 2937 reddidit.
557 2870 683 2956 Porro,
703 2890 764 2937 rex
781 2864 936 2937 Franeioe
954 2888 1036 2936 eum
1053 2863 1126 2935 suis
1142 2861 1192 2933 ibi
1208 2863 1270 2933 tri·

205 2972 274 3051 bue
298 2976 425 3053 diebus
447 2982 485 3052 in
509 3004 637 3078 magna
662 2994 816 3077 egestate
841 2977 1054 3078 permansit,
1081 2992 1117 3049 et
1141 2990 1269 3075 quarto

206 3092 390 3184 recedens,
414 3095 630 3167 Amutrioum
649 3095 819 3168 comitem
836 3109 871 3166 et
888 3092 1121 3165 Guillelmum
1138 3090 1270 3190 Crispi·

205 3222 295 3283 num
313 3222 350 3281 et
365 3215 556 3308 Hugonem
574 3211 630 3309 (t)
647 3210 693 3282 de
715 3214 817 3282 Novo
835 3207 988 3281 Castelio
1008 3207 1055 3279 ed
1080 3207 1269 3280 tutandum

206 3337 362 3397 castrum
380 3324 528 3398 dimisit.
546 3329 645 3398 Tune
663 3323 873 3398 Guillelmus
889 3323 935 3396 de
959 3326 1044 3397 Rete
1067 3337 1103 3395 et
1125 3321 1268 3412 sencio,

206 3437 417 3511 Guillelmus
426 3440 473 3512 de
481 3441 689 3514 Fontenillis
698 3456 733 3513 et
743 3439 1013 3512 isnellardusde
1021 3437 1212 3534 Soublnio(
1238 3439 1270 3535 ),

206 3576 273 3653 pro
299 3550 469 3628 fidelitate
492 3558 635 3628 Henriei
655 3558 761 3654 regis,
790 3556 836 3628 nd
865 3561 1016 3628 Pontem
1040 3555 1272 3628 Erchensredi

236 3803 280 3873 (t)
297 3803 458 3877 unguen,
473 3807 604 3880 seigneur
614 3806 650 3862 de
660 3806 856 3864 Chiteauneuf
863 3823 900 3862 en
911 3805 1086 3874 Thimemie‚
1100 3804 1143 3860 fils
1153 3803 1189 3860 de
1200 3802 1273 3859 Ger·

207 3888 277 3961 tuis,
290 3901 321 3947 et
333 3893 438 3964 gendre
455 3893 495 3950 du
508 3906 600 3952 comte
614 3894 722 3951 Robert
733 3895 769 3951 de
781 3894 909 3965 nlenten,
923 3896 973 3970 qui
985 3894 1078 3953 devait
1087 3895 1147 3952 &tre
1160 3891 1223 3965 deii
1236 3908 1272 3946 en

207 3980 373 4138 mppo
379 3980 428 4038 dee
442 3982 586 4041 domainee
603 3984 639 4041 de
652 4002 702 4041 eon
715 3986 797 4059 pere,
814 3985 938 4061 quoique
951 3985 1067 4043 uolui-ci
1081 4002 1116 4040 ne
1130 3983 1184 4038 mit
1198 3991 1273 4036 mort

242 4156 282 4226 (Ξ)
299 4157 462 4216 Guilhunre
478 4162 513 4217 de
525 4162 592 4230 Rai3
606 4158 728 4232 senche
746 4161 910 4221 Guillnume
922 4162 962 4221 du
979 4158 1109 4220 Fontenil
1126 4161 1158 4232 (t
1172 4158 1272 4216 l'ouett
