2888 4934
491 399 608 460 LIBER
629 399 868 460 UNDECIMUS.
1141 404 1202 464 27³

150 529 302 628 suscepi.
317 534 415 601 Tunc
429 554 556 628 magna
568 530 651 602 cleri
665 530 855 613 multitudo
868 534 1102 627 Rotomagum
1115 556 1203 606 con·

148 656 308 734 venerat,
328 659 363 716 et
381 644 509 717 familia
528 644 655 717 Christi
672 645 743 716 lere
760 646 988 743 septingentis
1003 646 1052 718 ibi
1069 648 1204 721 clericis

145 759 204 833 illa
222 760 284 833 die
299 785 363 860 per
383 760 540 834 diversos
557 761 686 859 gradus
704 760 875 832 ordinatis
891 786 1061 861 prospere
1076 788 1204 836 creve-

141 888 213 946 rat.
230 878 330 946 Tunc
343 898 409 970 ego
420 874 566 971 juvenili
577 874 705 946 ardore
715 875 866 964 fervens,
882 875 1111 948 intendebam
1122 876 1205 948 dac-

137 987 257 1084 tylico
282 989 448 1079 carmini,
475 990 512 1059 in
539 1012 612 1085 quo
642 1013 831 1060 numerum
858 990 1143 1088 presbyterorum
1169 1004 1205 1062 et

133 1101 384 1175 diaconorum
404 1104 525 1202 paucis
542 1102 704 1175 versibus
722 1104 769 1174 ita
788 1102 1066 1201 comprehendi:

237 1266 358 1322 Centum
371 1266 470 1340 viginti
484 1267 572 1321 socios
583 1265 619 1320 ad
632 1265 838 1338 suscipiendum

237 1352 361 1410 Stemma
374 1355 520 1410 sacerdotii
533 1354 669 1408 Dominus
684 1372 728 1408 me
740 1353 807 1411 secit
819 1355 934 1423 habere,

239 1442 413 1517 Ornaritque
426 1442 503 1498 stolis
513 1443 650 1497 Leviticus
662 1441 732 1498 ordo
744 1441 893 1509 ducentos,
1005 1431 1013 1446 ”

238 1532 276 1588 Et
285 1544 384 1607 quater
396 1533 521 1588 undenos
533 1531 568 1587 ad
581 1532 686 1588 Christi
699 1550 775 1588 sacra
788 1533 930 1589 ministros
940 1536 989 1606 (l).

192 1685 322 1754 XXXI.
351 1679 489 1781 [ltus]
513 1686 609 1753 luter
630 1681 803 1780 procellas
828 1683 1098 1757 tribulationum
1118 1697 1207 1783 quas

131 1798 384 1885 Normannia,
397 1798 529 1873 idoneo
542 1810 678 1869 rectore
692 1821 829 1888 carens,
841 1798 1000 1897 pertulit,
1012 1800 1209 1873 Luxovien·

131 1913 193 1984 sis
211 1913 439 2012 episcopatus
455 1922 535 2011 post
552 1926 703 1983 mortem
717 1911 906 1985 Gisleberti
916 1915 1101 1987 Maminoti
1115 1914 1207 1997 anti·

130 2027 238 2099 stitis
245 2026 284 2099 in
294 2027 513 2101 desolatione
521 2027 581 2099 diu
592 2028 798 2126 permansit,
811 2029 991 2126 magisque
999 2028 1091 2129 lupis
1099 2054 1209 2127 quam

130 2141 350 2242 pastoribus
368 2143 492 2241 patuit,
514 2143 711 2240 misereque
728 2142 970 2241 praedonibus,
991 2169 1065 2216 non
1084 2145 1208 2217 delen·

131 2255 481 2355 scribus,sslugubris
497 2254 685 2352 subjacuit.
704 2259 859 2330 chrico
877 2273 996 2331 autem
1013 2283 1094 2355 rege
1110 2258 1208 2358 apud

131 2371 487 2446 ‘tenerchebraicum
495 2372 750 2471 triumphante,
759 2371 1205 2466 RannulfusFlambardus,

133 2489 240 2586 regis
256 2487 433 2578 inimicus,
450 2486 511 2584 qui
522 2488 733 2559 Luxoviensi
745 2488 920 2561 residebat
936 2503 977 2566 ut
993 2488 1158 2587 princeps
1169 2489 1207 2560 in

136 2601 1208 2702 urbe,secundumopportunitatemtemporisperspectaqua

136 2716 315 2790 evaderet
330 2716 537 2806 calliditate,
557 2717 688 2790 celeres
706 2720 857 2790 nuncios
873 2718 920 2791 ad
935 2743 1056 2814 regem
1074 2720 1207 2790 recenti

137 2830 310 2930 trophaeo
325 2831 444 2904 laetum
461 2831 604 2921 direxit,
624 2857 748 2931 pacem
765 2832 810 2904 ab
826 2856 871 2904 eo
886 2831 1068 2904 humiliter
1083 2833 1207 2929 quaesi·

137 2948 211 3038 vit,
222 2960 261 3018 et
270 2946 447 3018 civitatem
458 2970 566 3043 quam
581 2945 735 3035 tenebat,
749 2947 778 3018 si
790 2945 1049 3046 pacificaretur,
1062 2947 1202 3020 obtulit.

138 3065 261 3134 Porro
278 3061 419 3160 sapiens
435 3085 514 3150 rex,
533 3062 595 3158 qui
608 3085 734 3160 pacem
751 3062 862 3150 bello,
881 3062 979 3160 quod
994 3063 1207 3137 detrimenta

139 3177 291 3275 gignere
306 3174 397 3247 solet
409 3199 562 3274 semper,
578 3176 788 3274 praeposuit,
807 3177 960 3276 praesuli,
974 3177 1206 3250 concordiam

139 3293 328 3393 poscenti,
347 3303 545 3365 transactos
568 3307 684 3365 reatus
702 3293 865 3382 indulsit,
889 3296 1087 3366 Luxovium
1112 3295 1206 3368 testi*-

141 3423 275 3481 nanter
294 3410 446 3507 recepit,
466 3423 503 3480 et
518 3409 664 3481 antistiti
682 3408 909 3481 reconciliato
928 3409 1204 3483 Dunelmensem

141 3525 391 3623 episcopatum
404 3525 556 3597 restituit
567 3524 636 3621 (2).
652 3526 871 3598 Luxoviense
884 3551 969 3597 vero
983 3527 1204 3625 episcopium

181 3783 222 3856 (l)
243 3783 336 3858 Roger
349 3782 519 3856 d‘Argences
533 3793 646 3837 mourut
663 3781 689 3836 le
705 3784 740 3839 22
755 3798 828 3834 mars
845 3785 925 3838 ⁴⁴39.
943 3781 1030 3837 Notrc
1046 3795 1145 3838 auteur
1160 3785 1204 3841 lut

147 3871 221 3927 eleae
239 3890 275 3925 au
296 3871 441 3928 sacerdoce
459 3891 494 3927 en
514 3872 604 3926 mdme
624 3881 713 3942 temps
733 3887 788 3942 que
805 3868 859 3937 lui,
881 3881 910 3924 et
929 3882 995 3926 cent
1014 3873 1092 3945 vingt
1111 3882 1204 3926 autres

150 3959 267 4030 prdtoes,
279 3958 352 4014 deux
364 3969 441 4014 cents
452 3959 568 4024 diacres,
582 3967 610 4011 et
619 3966 863 4029 quarente-quatre
874 3957 1066 4015 sous-diacres.
1082 3961 1117 4014 Le
1130 3969 1203 4015 reste

153 4043 196 4098 des
208 4057 270 4118 sept
280 4057 357 4102 cents
369 4045 454 4101 clercs
467 4066 502 4101 nc
512 4048 555 4101 int
569 4044 658 4099 admis
671 4044 771 4118 qu’aux
785 4043 881 4099 ordres
893 4046 1024 4101 nslneurs.

184 4135 220 4205 (Ξ)
237 4134 317 4190 Cette
330 4134 537 4190 reconciliation
551 4133 602 4188 dut
616 4133 692 4187 avoir
704 4130 760 4188 lieu
771 4131 1011 4188 immddiotement
1022 4133 1102 4205 aprds
1114 4131 1139 4187 la
1152 4132 1199 4188 ba·

223 4249 271 4296 tv.
1035 4223 1081 4293 ⁴8
