2888 4934
187 458 256 534 [ιν
268 474 334 516 ano.
351 454 440 530 1119]
514 450 630 511 sluaa
652 449 918 511 uuouacltrus.
1184 453 1245 513 357

188 583 321 657 lioosus
337 583 443 656 beros
457 581 664 680 assumpsit,
684 595 719 654 et
735 580 881 654 serratas
897 592 1136 677 pugnatorum
1155 583 1246 654 acies

188 697 588 801 prudenterordinavit.
602 697 655 769 lbi
667 697 811 770 luerunt
824 696 898 770 duo
911 694 975 767 lilii
987 695 1080 791 ejus:
1091 696 1248 769 uodber-

189 829 248 888 tus
263 830 300 887 et
315 814 498 903 Ricardus,
516 813 646 910 egregii
662 812 803 904 milites,
823 826 859 885 et
875 826 944 883 tres
959 809 1122 883 consules
1135 839 1143 881 ι
1155 815 1249 884 Hen-

189 929 285 1001 n‘cus
300 928 487 1018 lucensis,
504 925 712 999 Guillelmus
728 924 775 999 do
792 929 982 998 Guarenna
999 938 1035 998 et
1049 923 1249 999 Gualterius

189 1041 368 1116 Gilardus.
386 1043 556 1139 Rogerius
568 1064 714 1139 quoque
727 1039 867 1114 Ricardi
880 1039 985 1131 lilius,
1001 1054 1036 1113 et
1052 1039 1250 1115 Gualterius

191 1156 239 1230 de
260 1156 414 1255 alfagio,
445 1157 727 1253 consanguineus
756 1156 832 1252 ejus
860 1154 935 1253 (1),
966 1155 1177 1229 Guillelmus
1205 1156 1250 1231 de

127 1252 132 1259 ’
190 1269 463 1360 Tancardivilla,
483 1285 519 1344 et
533 1269 742 1342 Guillelmus
759 1268 807 1343 de
825 1270 1008 1361 Rolmara,
1031 1269 1185 1367 Nigellus
1204 1270 1251 1343 de

191 1382 398 1475 albinneio,
423 1383 554 1482 aliique
578 1384 807 1484 quamplures
826 1410 946 1484 regem
968 1383 1164 1485 stipabant,
1190 1390 1253 1483 qui

188 1498 430 1599 Scipionibus,
448 1523 512 1572 seu
525 1499 657 1589 Mariis,
674 1500 748 1573 sive
762 1498 970 1593 Catonibus,
987 1501 1155 1573 Romanis
1167 1524 1251 1574 cen·

191 1614 353 1706 soribus,
387 1613 630 1713 aequiparandi
664 1631 786 1706 erant,
817 1617 903 1715 quia
933 1615 1046 1688 laicali
1079 1641 1184 1688 sensu
1218 1631 1253 1689 et

192 1731 348 1828 equestri
364 1728 559 1829 probitate,
578 1744 619 1802 ut
634 1732 746 1804 exitus
762 1731 942 1830 probavit,
962 1732 1159 1805 admodum
1177 1732 1253 1830 pol·

191 1842 327 1916 lebant.
349 1842 537 1916 Eduardus
553 1843 600 1917 de
618 1844 889 1946 salesburiam)
907 1846 956 1918 ibi
973 1847 1128 1945 portavit
1144 1846 1253 1920 vexil-

192 1958 287 2052 lum,
305 1959 405 2033 fortis
423 1959 600 2057 agonista,
619 1962 721 2058 cujus
738 1961 850 2034 robur
865 1976 940 2035 erat
956 1961 1168 2060 probatione
1184 1986 1252 2034 no-

194 2075 382 2166 tissimum,
398 2089 434 2149 et
446 2076 645 2148 constantia
661 2100 891 2174 perseverans
906 2076 1078 2174 usquead
1093 2078 1250 2150 exitium.

193 2189 397 2263 ludovicus
415 2214 495 2284 rex,
515 2204 556 2263 ut
576 2189 664 2262 vidit
680 2191 780 2289 quod
798 2190 862 2264 diu
879 2206 1145 2292 peroptaverat,
1167 2215 1254 2291 qua·

193 2301 402 2401 dringentos
431 2303 559 2380 milites
589 2306 732 2396 ascivit,
768 2330 861 2404 quos
893 2308 931 2379 in
965 2322 1135 2407 promptu
1170 2321 1256 2380 tunc

192 2415 327 2490 habere
355 2434 519 2517 poterat,
557 2443 691 2519 eosque
724 2444 792 2520 pro
824 2421 999 2495 servanda
1027 2423 1192 2520 aequitate
1220 2435 1256 2493 et

193 2531 294 2628 regni
308 2530 470 2607 libertate
486 2533 525 2606 in
540 2531 637 2608 bello
652 2533 791 2608 fortiter
808 2557 914 2634 agera
930 2535 1096 2635 imperat,
1117 2559 1163 2608 ne
1179 2532 1256 2608 illo·

194 2862 232 2902 ne
248 2862 345 2902 carons
360 2849 518 2921 ponrquoi‚
536 2848 723 2917 Brcnnaville,
740 2848 832 2905 tandis
850 2866 905 2922 que
924 2848 949 2903 le
968 2848 1121 2904 manuscrit
1136 2847 1255 2920 original

194 2943 276 3006 porte
292 2934 449 3003 Bnmrruun,
467 2935 596 2991 d'accord
613 2953 678 2993 avec
694 2937 720 2992 le
736 2954 803 3003 nom
818 2936 908 2991 actual
924 2946 953 2991 ct
968 2936 1007 2991 les
1021 2934 1185 2990 documenta
1196 2935 1255 2988 sui·

195 3023 339 3078 ranu21a
352 3023 489 3094 granchia
499 3023 535 3079 de
547 3023 673 3080 Burnum
685 3024 803 3097 (grande
814 3024 909 3079 charte
921 3023 969 3078 des
981 3021 1212 3095 Deua-Amnum),
1227 3024 1257 3079 in

195 3115 318 3184 terragio
333 3111 368 3165 de
386 3112 526 3167 Brauuuua
540 3115 656 3184 (1231);
672 3115 748 3170 ultra
761 3112 928 3168 colobiatam
941 3111 976 3165 de
989 3111 1115 3167 Batauus
1133 3109 1254 3183 (cartul.

195 3195 232 3253 de
244 3197 425 3272 llortcmer).
439 3199 486 3256 On
499 3201 532 3255 lit
543 3219 644 3257 encore
657 3202 793 3257 Buranun
804 3201 873 3255 dans
886 3219 941 3255 une
954 3199 1051 3255 charte
1063 3199 1098 3255 de
1110 3199 1257 3273 Philippe-

196 3282 324 3357 Auguste
337 3289 445 3358 (⁴202).

231 3371 300 3427 Prds
311 3373 346 3428 de
358 3373 393 3441 u,
407 3391 456 3430 sur
467 3373 494 3428 la
507 3393 656 3432 commune
669 3376 704 3431 de
718 3376 856 3443 Verolive,
870 3386 912 3431 est
925 3393 963 3430 un
973 3374 1030 3431 lieu
1042 3374 1101 3430 dit:
1111 3374 1137 3431 le
1147 3375 1258 3447 Conpo-

197 3460 321 3527 (incula,
343 3462 428 3537 qu'on
448 3463 520 3518 croit
539 3465 615 3518 avoir
634 3466 689 3519 tire
709 3482 758 3519 son
781 3482 846 3519 nom
866 3463 901 3521 de
914 3463 1036 3538 quelque
1052 3462 1165 3537 episodc
1181 3460 1258 3517 dela

196 3548 317 3604 bataille.

231 3636 274 3709 (1)
292 3639 394 3696 Parent
407 3640 447 3696 du
460 3642 502 3697 roi
516 3645 532 3696 1
545 3639 648 3697 double
662 3642 728 3696 titre
743 3665 749 3695 :
767 3659 817 3713 par
828 3658 856 3695 aa
872 3639 1004 3695 hiaaicule
1017 3641 1119 3713 Papia,
1133 3656 1207 3694 soeur
1220 3638 1259 3693 du

197 3726 253 3781 duc
265 3726 372 3782 Robert
384 3729 430 3798 1⁸¹,
444 3740 473 3784 ct
485 3749 536 3803 par
548 3747 576 3784 sa
589 3731 664 3784 mere
676 3728 801 3800 Biiatrix,
814 3730 928 3784 consina
937 3728 972 3783 de
984 3727 1010 3784 la
1021 3729 1099 3784 rainu
1110 3725 1259 3782 Mathilde.

232 3815 272 3886 (1)
290 3816 331 3871 Ce
345 3835 517 3890 personnage
530 3816 599 3872 erata
612 3816 700 3891 grand
714 3817 900 3890 propridtairc
913 3819 928 3872 1
943 3815 1084 3889 Salisbury
1098 3825 1128 3871 et
1141 3814 1210 3869 dans
1219 3814 1260 3868 les

197 3905 335 3961 envirous.
352 3906 387 3963 Sa
403 3906 460 3962 fille
472 3907 610 3963 blathilde
626 3907 699 3962 avait
712 3909 829 3979 dpouse,
845 3925 895 3978 par
912 3906 1015 3962 l'ordre
1032 3905 1067 3960 de
1081 3902 1259 3959 Guillaume·

199 3992 334 4062 tenear,
348 3994 450 4052 Onlroi
462 3996 498 4052 de
511 3996 779 4067 Bobon,dcu1ibme
792 3994 830 4048 du
843 4011 920 4062 nom,
934 3993 1036 4069 auquel
1047 3992 1100 4048 elle
1111 4001 1191 4064 porta
1205 4008 1261 4046 nne

201 4084 289 4154 partie
300 4083 335 4139 de
347 4103 389 4140 ses
400 4096 488 4141 vastes
499 4085 652 4139 domaincs.
667 4072 705 4138 be
716 4094 788 4139 reste
801 4101 880 4156 passa
891 4086 907 4137 a
920 4083 1050 4139 Wautier
1061 4080 1096 4136 de
1107 4078 1258 4151 Salisbury,

200 4186 248 4225 son
261 4169 314 4226 fin.
327 4171 423 4244 Voyez
433 4172 460 4230 le
472 4174 595 4229 Monast
610 4173 737 4247 anglic,
752 4172 794 4241 11,
807 4171 852 4230 ot.
889 4192 892 4196 ’
