2888 4934
157 423 264 498 [nro]
521 417 638 479 nisan
660 418 847 479 uncinus.
1197 422 1214 478 7

157 569 193 626 ct
208 555 332 626 omnia
350 567 571 644 testamenta,
588 579 665 650 quae
682 555 857 625 coercitus
874 555 1084 650 Imperatori
1096 576 1218 625 sanae·

157 684 224 759 rat,
243 667 393 740 consilio
409 669 698 768 iurisperitorum
713 670 830 767 palam
849 668 1052 756 damnavit,
1078 669 1217 766 ipsum-

156 811 240 882 que,
260 810 326 882 pro
342 784 536 857 violatione
549 785 680 856 domus
696 785 761 858 Dei
782 800 818 858 et
840 786 1005 883 captione
1022 783 1216 857 sacerdotis

156 901 286 973 Christi
307 915 343 972 et
360 900 534 973 effusione
554 902 734 998 sanguinis
752 898 1050 988 Christianorum,
1069 923 1214 973 excom·

157 1017 362 1088 municavit.
387 1021 584 1114 lmperator
608 1019 743 1113 itaque,
767 1032 866 1089 sexto
894 1017 993 1114 regni
1019 1017 1073 1087 sui
1094 1038 1208 1106 anno,

158 1131 288 1204 Latiale
315 1132 426 1204 decus
455 1147 556 1205 tanto
591 1133 746 1204 facinore
777 1131 990 1221 maculavit,
1022 1147 1057 1203 et
1087 1129 1215 1204 multas

155 1264 278 1346 gentes
304 1248 351 1320 ad
374 1263 512 1320 tantum
538 1249 636 1322 uelas
652 1249 894 1347 peragendum
911 1249 1038 1323 frustra
1061 1249 1212 1322 vexavit.

155 1369 273 1452 Quam
289 1364 404 1460 gravis
428 1378 463 1436 et
489 1366 688 1463 periculosa
714 1366 828 1437 hiems
844 1365 979 1464 ‘pluviis
1001 1382 1037 1438 et
1060 1363 1213 1450 nivibus,

155 1479 337 1577 glacieque
355 1496 440 1552 tunc
459 1482 575 1571 luerit,
593 1497 628 1553 et
644 1497 777 1579 quauta
793 1481 997 1555 discrimina
1010 1485 1046 1554 in
1061 1481 1218 1578 angustis

156 1609 191 1666 et
213 1594 446 1692 inaequalibus
466 1597 531 1667 viis
553 1598 641 1669 etin
665 1597 815 1670 nansitu
832 1597 1022 1669 fluminum
1042 1595 1216 1669 exercitus

156 1712 358 1808 pertulerit,
383 1728 419 1785 et
436 1712 588 1810 qualiter
608 1718 807 1813 Imperator
823 1714 979 1786 collectis
993 1713 1127 1787 viribus
1152 1737 1215 1786 ur-

157 1827 240 1900 bem
256 1828 439 1902 obsessam
454 1830 534 1929 plus
552 1831 657 1903 minis
678 1856 787 1927 quam
812 1831 921 1902 armis
941 1826 1215 1929 expugnaverit,

156 1946 283 2017 lrensis
308 1946 456 2043 quidam
485 1946 690 2018 scolasticus
718 1946 858 2018 decenti
890 1946 1062 2019 relatione
1092 1944 1217 2016 litteris

157 2061 301 2136 tradidit
311 2066 342 2159 (l
353 2065 377 2160 ).
390 2069 431 2136 ln
441 2063 499 2136 illa
510 2064 750 2163 expeditione,
764 2068 963 2163 imperator
975 2062 1217 2136 Mediolanum

191 2299 230 2372 (l)
246 2300 324 2356 Nous
336 2319 465 2375 pensons,
479 2320 543 2357 avec
558 2313 640 2359 notre
652 2313 746 2360 cavant
757 2304 884 2359 conirere
900 2303 938 2357 Μ.
952 2302 1053 2359 Victor
1065 2302 1103 2354 Le
1120 2298 1218 2371 Clerc,

156 2405 226 2460 que,
241 2409 358 2462 paruae
371 2391 517 2447 confusion
534 2392 753 2448 tres-commune
769 2411 804 2447 au
819 2410 920 2465 moyen
933 2392 996 2466 ige,
1011 2409 1042 2445 ce
1056 2390 1127 2445 n’est
1138 2389 1219 2463 point

156 2475 224 2531 d'un
236 2477 372 2534 lrlaudais
383 2480 453 2554 qu'il
464 2481 545 2554 s'agit
557 2481 605 2552 ici,
619 2481 688 2536 mais
699 2481 765 2537 bien
775 2482 842 2537 d’uu
856 2470 980 2537 Ecossais
990 2505 996 2534 ι
1008 2479 1095 2535 David
1107 2479 1216 2545 Scotus,

155 2563 271 2621 d'abord
296 2567 417 2624 ecolitre
440 2569 476 2624 de
500 2569 712 2642 Wurtzbourg,
731 2571 795 2645 puis
818 2569 962 2643 chapelain
986 2569 1021 2624 de
1043 2568 1218 2637 l'Empereur

155 2654 244 2711 Heuri
263 2656 300 2723 V,
319 2659 383 2729 puis
397 2658 473 2714 enlin
488 2660 592 2734 eaeque
607 2659 647 2714 du
661 2658 771 2715 diocese
785 2658 821 2715 de
836 2660 956 2733 Baugor,
970 2658 1038 2732 qu'il
1053 2656 1217 2712 administra

154 2742 191 2796 de
203 2746 271 2802 ttae
283 2748 299 2798 ii
311 2749 390 2804 4439.
405 2747 440 2802 Sa
453 2748 584 2816 relation,
598 2748 702 2804 diritee
714 2767 750 2803 en
763 2749 833 2804 trois
844 2748 935 2817 livres,
951 2748 1041 2822 paruit
1052 2746 1154 2800 exister
1165 2761 1217 2800 eu·

154 2849 220 2885 core
232 2851 267 2888 ea
278 2851 321 2890 us.
335 2834 404 2890 daus
414 2834 440 2891 la
452 2835 646 2912 bibliotheque
659 2835 803 2910 imperiale
815 2836 850 2893 de
865 2838 992 2907 Vienna,
1004 2833 1140 2909 quoiqu’il
1153 2834 1217 2889 a’eu

155 2921 210 2975 soit
223 2940 270 2994 pes
281 2922 331 2978 tait
346 2926 472 2980 mention
485 2925 553 2982 dans
564 2925 590 2981 le
602 2925 746 3000 catalogue
759 2926 794 2981 de
808 2936 852 2980 cet
863 2923 1069 2980 etablissement
1080 2941 1131 2997 par
1141 2922 1218 2979 End·

154 3007 254 3064 licher.
268 3011 316 3067 On
328 3023 396 3085 peut
411 3030 546 3087 supposes
560 3032 617 3088 que
630 3015 696 3070 c’est
711 3013 737 3069 le
751 3014 842 3067 meme
854 3029 975 3084 ouvrage
987 3011 1036 3085 qui
1051 3011 1153 3082 ligure,
1167 3029 1217 3085 pa·

156 3097 313 3155 reillemeut
327 3120 363 3157 en
376 3121 431 3170 us,
444 3101 513 3157 dans
527 3104 553 3159 le
570 3102 714 3176 catalogue
730 3102 769 3157 du
786 3101 891 3178 college
905 3100 1048 3158 All-Souls
1060 3103 1077 3156 t
1089 3100 1216 3170 Oxiord,

154 3204 220 3242 sous
230 3187 257 3243 le
268 3190 336 3246 titre
346 3189 382 3246 de
397 3214 402 3245 :
416 3192 543 3248 Historia
554 3192 671 3248 Hearici
684 3193 713 3247 V
712 3203 729 3249 ⁶.

191 3275 228 3330 le
239 3280 295 3333 vrai
307 3279 374 3334 titre
385 3278 421 3334 de
433 3290 506 3336 cette
518 3281 703 3359 comppsition
717 3281 806 3353 parait
816 3280 876 3335 etre
888 3305 893 3334 :
907 3281 976 3348 lter,
990 3284 1046 3336 sive
1061 3277 1217 3352 expeditu·

154 3365 201 3419 riis
212 3369 305 3436 series,
320 3379 370 3424 etc.

190 3453 351 3513 Guillaurne
363 3457 398 3512 de
409 3457 597 3531 Malmesbury
608 3457 635 3512 le
647 3459 809 3513 mentionne
821 3457 850 3529 (4.
858 3476 886 3526 v,
900 3477 928 3529 p.
943 3459 1006 3527 466)
1018 3473 1126 3511 comme
1135 3466 1218 3529 ayant

154 3543 240 3598 ecrit:
254 3546 352 3618 Magis
366 3550 395 3601 in
411 3551 485 3621 regis
500 3551 623 3621 gratian
640 3567 724 3622 quam
738 3547 899 3604 historicum
909 3546 1033 3610 deceret,
1048 3554 1075 3600 et
1087 3565 1143 3600 aon
1158 3545 1216 3600 liis·

155 3635 254 3687 coriam
266 3634 320 3689 sed
328 3640 544 3712 panegyricum.
555 3639 649 3710 Voyez
660 3638 822 3703 Fabricius,
833 3636 1008 3692 Bibliotheca
1021 3635 1120 3691 medioe
1130 3645 1158 3689 ct
1171 3639 1216 3690 in-

146 3721 230 3793 fimre
241 3724 400 3796 latinitatis,
413 3737 434 3781 t.
447 3727 489 3793 ll,
501 3747 529 3799 p.
544 3731 587 3785 46.

189 3810 278 3867 David
293 3814 392 3869 Scotus
407 3826 450 3871 cst
466 3816 521 3871 cite
537 3834 602 3870 arec
619 3834 691 3871 assez
710 3813 814 3888 pende
831 3813 1037 3869 consideration
1053 3832 1102 3886 par
1114 3812 1154 3867 les
1164 3829 1216 3869 au·

155 3896 229 3952 nales
244 3898 279 3955 de
296 3901 486 3971 Winchcster,
505 3905 554 3978 qui
575 3903 601 3959 le
621 3907 781 3978 presentent
800 3919 908 3957 comme
929 3900 1037 3956 Gallois
1056 3900 1214 3974 d'originc:

155 3989 241 4044 Anno
261 4002 387 4046 u⁰c⁰rx⁰
407 3993 566 4067 Raduffus,
590 3993 802 4050 Oaatuariensis
824 3992 1065 4063 archiepiscopus,
1086 3993 1216 4047 clericum

154 4077 316 4148 quemdam,
327 4081 425 4136 David
438 4085 556 4151 nominc,
573 4082 732 4139 Walcnscm
744 4086 865 4151 natione,
878 4085 1051 4138 consecravit
1063 4081 1104 4137 ad
1114 4085 1220 4154 episco-

152 4173 251 4235 patum
264 4166 459 4242 Bangorcasis
469 4172 602 4226 ecclesia.

254 4312 287 4385 'ai
