2888 4934
194 426 251 488 tm
459 419 644 482 ntstotttt
665 417 970 481 Eccumltstlca.
1139 417 1245 497 [1124]

190 559 382 629 Brionnam
423 552 584 643 obsedit,
627 552 748 650 ibique
785 550 859 624 dno
893 547 1036 622 castella
1073 550 1246 620 continuo

193 669 406 759 construxit,
430 666 559 763 quibus
582 667 703 740 hostes
723 665 830 764 paulo
852 679 934 764 post
954 663 1002 736 ad
1025 662 1246 736 deditionem

190 786 305 881 coegit
314 785 345 881 (l
354 784 380 879 )
400 782 499 855 Illam
513 783 683 854 nimirum
697 805 821 880 pacem
835 781 1013 852 temeritas
1023 780 1245 850 dementium

189 900 266 974 steri
292 900 367 972 sine
394 900 526 994 ingenti
553 899 687 971 damno
714 898 947 970 innocentum
973 920 1048 968 non
1079 895 1243 993 pertulit,

190 1018 274 1114 quia
284 1030 359 1099 tota
370 1040 453 1087 cum
465 1016 618 1086 ecclesiis
631 1014 714 1087 villa
727 1015 825 1113 prins
836 1012 1023 1085 combusta
1035 1011 1117 1083 fuit.
1135 1015 1246 1083 Porro

189 1133 238 1204 illi
256 1133 317 1228 qui
336 1146 437 1203 erant
458 1131 495 1202 in
516 1155 598 1202 arce
618 1129 665 1201 dc
681 1129 902 1218 Gnataevilla,
924 1127 1146 1199 reconciliati
1167 1140 1247 1198 suut

188 1250 275 1343 regi,
290 1248 489 1319 munitione
502 1246 653 1337 reddita,
669 1269 778 1343 quam
790 1270 851 1316 111
861 1244 1048 1343 principali
1060 1242 1248 1341 disciplina

188 1363 302 1435 humo
320 1379 422 1435 tenus
439 1362 533 1435 dirui
549 1363 658 1462 paulo
676 1376 756 1460 post
771 1361 948 1461 praecepit.

237 1481 399 1575 Denique
419 1504 499 1567 rex,
517 1492 709 1576 postquam
729 1478 850 1548 omnia
870 1474 1010 1546 comitis
1032 1474 1245 1572 municipia,

189 1609 314 1692 praeter
330 1595 653 1683 Bellum-Montem,
673 1591 739 1663 sibi
754 1590 968 1687 subjugavit,
988 1604 1078 1660 tunc
1097 1587 1245 1680 consuli,

188 1711 253 1807 qui
270 1710 408 1781 vinctus
425 1723 517 1799 erat,
537 1732 688 1806 operum
705 1720 851 1778 eventus
866 1730 1015 1776 suorum
1031 1701 1245 1793 notificavit,

188 1838 295 1922 atque
307 1848 371 1921 per
382 1822 528 1894 eosdem
543 1821 791 1917 rumigerulos,
805 1835 845 1892 ut
855 1819 922 1892 sibi
935 1817 1247 1890 Bellum-Montem

188 1941 226 2011 in
247 1964 334 2037 pace
357 1938 457 2012 reddi
474 1938 631 2034 juberet,
658 1936 851 2010 mandavit.
876 1934 937 2008 llle
956 1959 1043 2007 vero
1063 1933 1194 2006 videns
1212 1957 1248 2004 se

188 2056 333 2152 puerilis
355 2054 505 2128 levitatis
530 2053 655 2126 frivola
681 2078 744 2152 spe
766 2052 976 2150 deceptum,
1005 2067 1041 2124 et
1065 2075 1089 2122 a
1113 2050 1247 2145 fastigio

189 2172 344 2267 pristinae
361 2170 543 2268 potestatis
561 2170 688 2241 merito
706 2169 941 2267 perversitatis
956 2169 1157 2264 dejectum,
1176 2189 1246 2236 me-

189 2298 377 2379 tuensque,
396 2286 424 2355 si
439 2283 685 2377 magnanimus
702 2307 831 2354 censor
845 2306 909 2379 per
924 2280 1125 2378 quamlibet
1135 2280 1246 2379 pervi-

189 2397 323 2469 caciam
340 2395 597 2486 offenderetur,
618 2398 747 2468 iterum
770 2396 837 2468 sibi
856 2395 1092 2494 periculosius
1111 2395 1247 2466 incum-

188 2512 289 2585 beret
302 2512 528 2604 scandalum,
546 2513 660 2585 missis
677 2511 841 2585 fidelibus
857 2514 978 2610 legatis
996 2511 1133 2584 obnixe
1148 2509 1249 2608 jussit

188 2631 342 2720 Morino,
357 2629 581 2727 procuratori
593 2653 713 2700 rerum
726 2654 885 2719 suarum,
901 2644 941 2700 ut
952 2630 1027 2699 sine
1042 2651 1148 2699 mora
1160 2651 1248 2724 sape

189 2758 426 2816 memoratum
442 2744 624 2816 castellum
641 2745 890 2843 triumphatori
906 2744 1089 2840 subigeret
1104 2742 1247 2842 sceptri·

189 2884 274 2954 gero
296 2860 583 2956 angligenarum.
610 2864 708 2930 Tunc
731 2862 907 2951 Morinos,
932 2860 1014 2930 licet
1035 2884 1136 2950 sero,
1155 2859 1248 2954 jussa

189 2973 335 3069 quidem
349 2974 553 3073 complevit,
569 2974 631 3045 sed
645 2976 793 3070 gratiam
809 2977 900 3072 regis
916 2974 1123 3046 nullatenus
1139 2976 1248 3071 impe·

190 3103 282 3161 trare
293 3091 422 3187 potuit.
442 3089 655 3185 Paedagogus
667 3091 763 3161 enim
777 3090 1011 3161 adolescentis
1025 3114 1046 3160 a
1058 3115 1143 3185 rege
1157 3087 1249 3159 ordi·

189 3219 293 3275 natus
307 3206 431 3295 suerat,
447 3205 552 3301 eique
566 3203 768 3276 rebellionis
783 3229 938 3301 nequam
949 3204 1141 3301 consilium
1157 3202 1248 3274 ultro

190 3334 418 3413 suggesserat.
444 3319 567 3391 Amisit
586 3343 673 3416 opes
694 3318 824 3415 quibus
845 3321 882 3390 in
906 3319 1127 3390 Normaunia
1144 3317 1250 3388 nimis

191 3432 425 3522 intumuerat,
453 3433 624 3521 etelatus
645 3460 751 3532 supra
775 3460 830 3526 se,
854 3434 1015 3507 ambiens
1036 3433 1249 3532 plusquam

190 3541 357 3635 decebat,
380 3547 634 3639 turbationem,
659 3548 778 3619 multis
801 3548 1000 3621 insontibus
1024 3549 1248 3638 nocituram,

192 3655 384 3728 insolenter
402 3660 592 3733 invexerat.
615 3662 733 3757 Regali
755 3686 840 3759 ergo
860 3686 1008 3734 censura
1029 3660 1076 3732 de
1099 3675 1251 3758 paterno

190 3771 322 3869 cespite
335 3773 524 3870 projectus,
544 3777 590 3848 ad
607 3791 758 3850 mortem
773 3802 887 3873 usque
904 3779 939 3849 in
955 3777 1083 3848 exteris
1097 3775 1253 3847 exulavit

227 4009 268 4089 (ἢ
283 4021 371 4076 Notre
386 4030 485 4075 auteur
505 4023 597 4079 cubile
617 4026 652 4081 de
673 4027 733 4082 dire
752 4048 808 4103 que
821 4030 909 4085 Heuri
926 4029 957 4084 fit
969 4047 1063 4084 crever
1074 4027 1117 4084 les
1130 4048 1204 4100 yeur
1217 4045 1251 4080 au

272 4125 389 4181 tendant
400 4123 439 4178 du
453 4125 570 4181 cbdteau
582 4128 617 4184 dc
631 4131 758 4188 Brioune.
