3256 5048
361 532 400 592 tt
632 529 816 591 HISTORIA
838 527 1143 591 ncctnsttsttct.
1208 533 1414 612 [teet-1098]

360 691 440 737 rum
458 666 600 740 leudem
616 664 777 763 deperire
793 663 1001 753 noluerunt,
1022 687 1187 761 seseque,
1207 685 1274 762 pm
1289 664 1412 740 defen·

358 782 460 854 sione
475 782 597 882 patriae
617 795 654 850 et
676 779 788 875 gloria
806 779 919 875 gentis
942 801 1031 867 suae,
1057 777 1102 850 ad
1124 793 1277 852 mortem
1301 801 1413 878 usque

358 895 509 970 inimicis
527 895 747 990 objecerunt.
764 893 867 966 Unde
887 894 1016 991 passim
1034 907 1142 964 etota
1156 893 1269 964 Gallia
1286 893 1414 966 electos

358 1010 507 1083 athletas
514 1024 549 1082 et
556 1010 708 1082 audaces
715 1008 1141 1096 tironessibiusciverunt‚
1152 1023 1186 1078 et
1194 1007 1410 1097 multotiens,

357 1122 521 1199 hostibus
534 1127 734 1211 obstantes,
753 1126 817 1198 sibi
837 1125 968 1197 utiliter
984 1125 1161 1222 stipendia
1174 1124 1298 1198 lucrati
1315 1140 1409 1196 sunt.

405 1239 621 1330 Quondam,
647 1241 736 1312 dum
760 1240 893 1338 Anglioi
918 1241 1008 1335 regis
1028 1239 1156 1310 familia
1182 1239 1414 1313 Calvimontis

356 1352 512 1427 confinia
541 1354 759 1445 devastaret,
789 1371 825 1428 et
852 1354 1003 1426 militum
1034 1352 1182 1427 audacia
1212 1355 1306 1426 vires
1333 1376 1414 1426 suae

357 1471 736 1568 utrinqueostentaret,
746 1473 871 1544 Franci
880 1470 1117 1543 Gislebertum
1126 1469 1173 1541 de
1182 1469 1318 1566 Aquila,
1331 1493 1413 1540 cunr

356 1583 432 1658 aliis
449 1585 719 1687 quampluribus
742 1611 879 1685 magnae
897 1587 1107 1675 nobilitatis,
1128 1585 1413 1686 comprehende·

357 1715 453 1791 runt,
472 1716 508 1774 et
526 1701 626 1798 Angli
641 1707 821 1798 Paganum
837 1701 883 1775 de
901 1702 1119 1774 Monte-Gaii
1143 1701 1210 1796 (l),
1235 1725 1319 1772 cum
1337 1700 1413 1772 aliis

355 1813 402 1888 de
420 1815 581 1915 partibus
598 1817 780 1913 ejusdem,
801 1831 987 1916 ceperunt.

404 1932 510 2003 Anno
536 1929 582 2002 ab
604 1931 853 2003 lncarnatione
875 1932 1023 2003 Domini
1049 1938 1091 2001 Μ’
1108 1937 1165 2002 xe⁰
1181 1935 1272 2016 vrn⁰,
1300 1928 1416 1999 indio-

358 2043 457 2115 tione
474 2050 537 2133 m',
556 2067 679 2116 mense
697 2044 902 2143 septembri,
922 2043 1131 2116 Guillelmus
1151 2045 1212 2115 relr
1236 2043 1415 2140 ingentem

355 2155 549 2227 exercitum
567 2159 785 2254 aggregavit,
807 2172 842 2230 et
855 2159 892 2229 in
910 2157 1060 2230 Galliam
1075 2156 1240 2246 tendens,
1262 2154 1415 2228 Cunchis

354 2267 548 2367 hospitium
562 2276 598 2340 v⁰
615 2270 784 2346 kalendas
798 2272 954 2344 octobris
973 2272 1137 2368 suscepit.
1160 2275 1199 2340 ln
1217 2272 1293 2366 ipsa
1310 2284 1416 2341 nocte

354 2383 655 2480 terribilesignum
665 2387 801 2458 mundo
811 2385 1277 2457 manifestatumest.Totum
1286 2406 1416 2479 nempe

389 2666 429 2740 (l)
447 2666 534 2722 Palen
546 2665 582 2722 de
594 2667 721 2738 nonno,
735 2667 799 2740 pres
812 2665 976 2724 vittenute
989 2665 1265 2738 (scincet-marne).
1279 2663 1358 2720 Nous
1371 2681 1414 2718 re-

354 2763 519 2809 trouverons
531 2769 563 2808 oe
575 2769 748 2827 personuege
759 2757 775 2807 a
786 2753 812 2807 la
824 2753 935 2809 boteille
946 2753 983 2808 de
994 2751 1124 2808 Bremule
1134 2763 1163 2808 et
1170 2751 1293 2821 ailleurs,
1304 2761 1333 2807 et
1344 2767 1410 2806 uon·

354 2858 389 2897 en
403 2842 545 2913 parlerone
557 2839 629 2895 alors
642 2858 707 2895 aree
721 2839 783 2914 plne
796 2840 832 2896 de
845 2839 953 2897 details.

391 2927 425 2980 Lu
444 2927 506 2983 litte
523 2927 571 2982 des
584 2928 758 3001 primuniers
771 2929 833 2983 faits
849 2928 885 2983 de
899 2939 962 3000 part
976 2939 1005 2984 et
1018 2927 1141 2982 d’autres
1157 2927 1286 3000 presente
1302 2925 1352 2981 des
1366 2943 1413 2979 va-

355 3015 459 3068 riantes
471 3015 597 3071 noteblee
608 3015 676 3070 dans
687 3016 714 3072 le
726 3017 797 3072 reclt
810 3016 847 3071 de
857 3017 958 3090 Suger.
971 3017 1087 3073 Suivaut
1098 3026 1142 3071 cet
1153 3015 1303 3083 historien,
1318 3013 1414 3069 Louis-

355 3100 472 3157 le·Groe
490 3105 561 3158 avait
579 3122 651 3176 pour
667 3105 839 3179 prisonniers
854 3130 860 3160 :
875 3109 999 3162 comitem
1015 3107 1154 3162 Simonem
1171 3105 1291 3161 nobilem
1307 3107 1414 3168 virum,

358 3190 539 3244 Gillebertum
550 3191 585 3246 de
597 3195 705 3267 Aquila
716 3195 835 3251 nobilem
848 3205 877 3249 et
885 3195 1001 3268 Anglioe
1012 3203 1039 3250 et
1049 3194 1235 3250 Normanrrioe
1247 3211 1326 3266 reque
1337 3192 1415 3245 illus*

356 3288 425 3334 trem
434 3281 574 3350 baronem,
586 3281 738 3354 Paganur'u
746 3283 782 3338 de
793 3287 910 3340 Gisortio
918 3287 968 3356 qui
975 3293 1099 3338 castrum
1108 3282 1180 3337 idem
1189 3285 1279 3354 primo
1287 3281 1411 3334 munivit.

388 3365 706 3438 <suillarum-lenoni,
722 3369 758 3426 de
771 3387 821 3425 son
835 3371 909 3438 cote,
924 3370 996 3424 avait
1012 3372 1071 3442 pris
1084 3369 1111 3424 le
1128 3379 1219 3424 comte
1239 3367 1364 3423 trausieu
1380 3364 1417 3418 de

355 3453 522 3524 boumont,
536 3459 634 3514 Simon
647 3459 683 3514 de
697 3459 833 3514 Moutlort
846 3470 874 3515 et
885 3460 970 3514 Palen
984 3457 1019 3512 de
1033 3458 1160 3530 blontjai.

391 3543 469 3600 Nous
482 3565 669 3621 personaque
682 3547 708 3601 le
721 3556 812 3601 comte
822 3547 919 3602 Simon
929 3547 979 3601 fnit
989 3547 1149 3617 prisonnier
1160 3563 1211 3618 par
1224 3543 1261 3598 les
1273 3541 1412 3614 Franqais,

356 3629 448 3686 demit
463 3633 523 3688 etre
541 3635 638 3690 Simon
658 3634 693 3690 de
711 3633 815 3700 Senlis,
833 3645 924 3691 comte
942 3634 978 3689 de
995 3633 1181 3707 fluntingdou
1201 3649 1251 3706 ptr
1266 3647 1295 3685 sa
1311 3630 1415 3684 semme

355 3717 503 3775 Matbilde.

391 3808 472 3864 Cette
490 3808 621 3881 captivit&
639 3819 688 3864 eut
703 3809 752 3864 des
770 3810 857 3866 suites
877 3809 940 3865 bien
957 3809 1116 3866 differentes
1132 3825 1205 3883 pour
1220 3809 1260 3864 les
1273 3807 1414 3882 guernere

356 3896 405 3949 des
417 3895 489 3951 deux
502 3900 616 3952 armees.
633 3899 777 3971 L'opulent
790 3900 832 3953 roi
846 3898 1040 3973 d’Angleterre
1051 3901 1163 3956 rocheta
1177 3899 1415 3954 immediatement

357 3981 395 4036 les
411 3985 497 4051 siens;
516 3983 541 4038 la
560 3985 691 4040 situation
709 3985 858 4042 finrncitre
874 3987 910 4043 de
926 3989 1140 4044 Louis-le-Gros
1153 4006 1188 4042 no
1203 3988 1240 4040 lui
1255 3984 1415 4057 permettait

355 4087 405 4144 pas
419 4071 480 4126 d'en
494 4073 561 4127 faire
574 4084 681 4129 autaut.
694 4077 775 4131 suoi
784 4077 824 4131 les
833 4077 963 4152 Franeais
974 4079 1160 4134 resterent-lls
1174 4077 1331 4147 lougternps
1345 4074 1416 4128 dans

356 4156 396 4213 les
407 4159 474 4226 leus,
488 4171 515 4214 et
528 4161 590 4215 n’en
604 4163 786 4219 sortirent-ila
798 4165 860 4238 qu'a
874 4166 898 4220 la
909 4165 1062 4233 condition,
1076 4173 1205 4238 suscepto
1215 4166 1289 4236 regis
1299 4163 1419 4236 Anglioe

357 4250 467 4317 militia,
484 4249 603 4306 hominio
614 4251 744 4326 obligati,
759 4271 875 4328 regnum
888 4265 914 4310 et
929 4273 1021 4327 regem
1033 4259 1198 4326 impugnare
1213 4261 1240 4306 et
1253 4250 1375 4305 turbore.
