2888 4934
187 469 333 546 [wios.
347 465 438 542 1119]
496 462 614 524 LIBER
634 461 906 523 uuochnttts.
1188 459 1245 520 361

187 597 388 688 levaverat,
421 594 522 694 quod
553 620 618 693 per
644 592 849 694 pontificale
880 591 1114 665 ministerium
1146 616 1247 663 sacro

188 711 381 786 chrismate
390 710 578 783 delinitum
591 709 716 799 fuerat,
732 724 768 780 et
783 707 899 806 regale
913 706 1091 798 diadema,
1106 705 1249 803 populis

189 827 440 926 gaudentibus,
457 827 688 923 Dominoque
703 829 781 899 Deo
800 825 927 923 gratias
944 838 980 896 et
995 821 1120 896 laudes
1135 824 1250 894 conci·

188 941 375 1034 nantibus,
393 941 624 1038 baiulaverat.

239 1062 280 1129 ln
305 1056 461 1130 duorum
481 1056 675 1129 certamine
703 1079 844 1152 regum,
872 1051 932 1126 ubi
959 1053 1101 1125 fuerunt
1124 1050 1250 1122 milites

189 1171 302 1244 ferme
324 1171 514 1266 nongenti,
542 1184 613 1242 tres
637 1168 867 1242 solummodo
888 1169 1122 1265 interemptos
1145 1165 1250 1238 fuisse

189 1286 363 1385 comperi.
392 1289 500 1357 Ferro
527 1286 624 1356 enim
651 1282 810 1380 undique
832 1283 948 1354 vestiti
974 1297 1092 1369 erant,
1121 1294 1155 1352 et
1183 1301 1249 1378 pro

189 1401 321 1474 timore
333 1401 413 1491 Dei,
427 1401 624 1497 notitiaque
638 1399 862 1472 contubernii
879 1400 1032 1471 vicissim
1048 1396 1112 1469 sibi
1126 1420 1249 1495 parce·

189 1513 300 1606 hant,
335 1539 403 1587 nec
437 1529 577 1587 tantum
609 1514 774 1587 occidere
805 1515 977 1612 fugientes
1009 1536 1118 1611 quam
1150 1534 1251 1582 com·

189 1629 415 1732 prehendere
435 1629 651 1727 satagebant.
673 1631 863 1702 Christiani
880 1630 1046 1726 equidem
1063 1626 1253 1699 bellatores

190 1767 267 1818 non
284 1745 494 1818 effusionem
511 1746 655 1818 fraterni
671 1747 853 1843 sanguinis
870 1745 1048 1834 sitiebant,
1069 1743 1133 1816 sed
1149 1741 1253 1838 legali

189 1859 376 1960 triumpho
403 1861 449 1933 ad
476 1861 664 1933 utilitatem
690 1877 820 1934 sancte
846 1860 1007 1933 Ecclesiae
1034 1874 1070 1931 et
1096 1859 1253 1957 quietem

189 1970 366 2068 fidelium,
385 1975 493 2049 dante
510 1981 601 2068 Deo,
618 1976 873 2075 tripudiabant.
888 1975 942 2048 lbi
955 1989 1120 2047 strenuus
1132 1971 1252 2045 Guido

189 2102 227 2161 et
255 2089 478 2181 Otmundus,
504 2090 730 2164 Burchardus
755 2105 790 2162 et
815 2090 1025 2163 Guillelmus
1050 2089 1252 2187 Crispinus,

189 2201 321 2300 aliique
343 2204 481 2303 plures,
505 2220 543 2277 ut
565 2205 830 2303 supradictum
854 2221 924 2297 est,
947 2204 1042 2305 capti
1057 2218 1158 2296 sunt,
1181 2217 1255 2274 eta

190 2316 423 2394 redeuntibus
450 2322 648 2417 Nogiooem
675 2321 753 2420 ipsa
779 2320 839 2394 die
863 2320 963 2393 ducti
989 2334 1083 2392 sunt.
1115 2317 1255 2417 Nogion

190 2433 328 2532 quippe
342 2434 454 2506 trihus
470 2435 581 2533 leugis
595 2436 703 2509 distat
718 2436 763 2508 ab
781 2436 966 2526 Andeleio,
985 2451 1020 2509 et
1034 2460 1079 2510 eo
1094 2450 1256 2532 tempore

191 2550 327 2645 guerris
353 2550 551 2623 furentibus
572 2551 712 2624 deserta
737 2567 814 2625 erat
841 2567 917 2625 tota
941 2554 1051 2648 regio.
1080 2555 1120 2620 ln
1145 2546 1256 2619 medi-

191 2662 295 2735 tullio
324 2666 511 2763 repentina
537 2668 742 2764 principum
771 2666 861 2739 facta
888 2682 941 2738 est
965 2664 1187 2761 congressio,
1220 2676 1256 2734 et

191 2777 317 2874 ingens
335 2795 574 2877 pugnatorum
596 2781 781 2880 personuit
800 2781 1026 2871 vociferatio,
1050 2802 1256 2850 armorum-

190 2914 264 2988 que
279 2891 486 2966 turbulenta
499 2894 655 2966 frenduit
669 2894 819 2987 collisio,
839 2911 873 2967 et
887 2894 1061 2967 nobilium
1078 2893 1256 2966 baronum

190 3003 334 3081 horruit
350 3007 514 3104 dejectio

242 3125 462 3195 Francorum
476 3149 537 3196 rex
550 3123 687 3221 fugiens
699 3126 738 3196 in
749 3124 836 3197 silva
847 3125 901 3221 (1)
915 3124 1013 3196 solus
1027 3125 1173 3216 erravit3
1194 3123 1256 3196 sed

191 3236 345 3307 rusticus
372 3236 539 3334 quidam,
572 3240 734 3336 quinon
762 3238 1003 3338 cognoscebat
1032 3263 1135 3330 eum,
1166 3237 1257 3312 lorte

192 3348 342 3421 invenit.
364 3355 480 3438 Quem
499 3378 560 3425 rex
579 3378 809 3452 summopere
827 3355 982 3452 rogavit,
1003 3355 1149 3454 insuper
1162 3355 1258 3450 jure·

190 3461 346 3558 jurando
372 3466 526 3563 plurima
549 3469 730 3566 promisit,
754 3485 794 3541 ut
814 3468 1105 3568 compendiosius
1125 3471 1192 3542 iter
1211 3468 1257 3540 ad

193 3577 488 3653 Andeleiumsibi
507 3581 724 3674 ostenderet,
745 3599 806 3655 aut
822 3609 889 3682 pro
908 3609 1036 3682 magna
1051 3608 1257 3656 remunera·

192 3692 293 3765 tione
304 3720 426 3767 secum
437 3697 522 3769 illuc
535 3715 708 3795 pergeret.
722 3698 785 3770 Ille
794 3723 895 3791 vero,
908 3698 953 3772 de
962 3700 1128 3773 mercede
1140 3713 1256 3772 certus

194 3809 347 3906 optima,
370 3814 563 3903 concessit,
585 3830 691 3910 atque
715 3814 906 3887 tremulum
924 3817 1122 3916 principem
1142 3812 1258 3887 Ande·

193 3919 303 3993 leium
325 3923 489 4016 deduxit,
513 3929 575 4025 qui
596 3927 775 4000 metuebat
795 3944 868 4001 tam
890 3934 1061 4030 praevium
1081 3932 1257 4002 viatorem

228 4191 270 4262 (1)
290 4191 504 4250 Probablemeut
516 4197 585 4253 daus
596 4198 636 4255 les
646 4198 708 4256 bois
720 4198 756 4256 de
766 4201 919 4273 Musegros.
