<?xml version="1.0" encoding="UTF-8"?>
<!DOCTYPE html PUBLIC "-//W3C//DTD XHTML 1.0 Transitional//EN"
    "http://www.w3.org/TR/xhtml1/DTD/xhtml1-transitional.dtd">
<html xmlns="http://www.w3.org/1999/xhtml" xml:lang="en" lang="en">
 <head>
  <title>
</title>
<meta http-equiv="Content-Type" content="text/html;charset=utf-8" />
  <meta name='ocr-system' content='tesseract 3.04.00' />
  <meta name='ocr-capabilities' content='ocr_page ocr_carea ocr_par ocr_line ocrx_word'/>
</head>
<body>
  <div class='ocr_page' id='page_1' title='image "./ordericivitalis07deligoog_0130.png"; bbox 0 0 2888 4934; ppageno 0'>
   <div class='ocr_carea' id='block_1_1' title="bbox 193 453 1241 534">
    <p class='ocr_par' dir='ltr' id='par_1_1' title="bbox 193 453 1241 534">
     <span class='ocr_line' id='line_1_1' title="bbox 193 453 1241 534; baseline 0.004 -20"><span class='ocrx_word' id='word_1_1' title='bbox 193 453 402 534; x_wconf 78' lang='lat' dir='ltr'>{tros-110⁷]</span> <span class='ocrx_word' id='word_1_2' title='bbox 554 454 670 516; x_wconf 82' lang='lat' dir='ltr'>ussa</span> <span class='ocrx_word' id='word_1_3' title='bbox 689 455 875 516; x_wconf 77' lang='lat' dir='ltr'>necinus.</span> <span class='ocrx_word' id='word_1_4' title='bbox 1183 461 1241 521; x_wconf 83' lang='grc' dir='ltr'>ιιι</span> 
     </span>
    </p>
   </div>
   <div class='ocr_carea' id='block_1_2' title="bbox 189 588 1247 2407">
    <p class='ocr_par' dir='ltr' id='par_1_2' title="bbox 192 588 1247 1604">
     <span class='ocr_line' id='line_1_2' title="bbox 193 588 1246 685; baseline 0.003 -28"><span class='ocrx_word' id='word_1_5' title='bbox 193 588 362 684; x_wconf 78' lang='lat' dir='ltr'>suscepit,</span> <span class='ocrx_word' id='word_1_6' title='bbox 389 601 423 659; x_wconf 92' lang='lat' dir='ltr'>et</span> <span class='ocrx_word' id='word_1_7' title='bbox 449 611 514 685; x_wconf 91' lang='lat' dir='ltr'>per</span> <span class='ocrx_word' id='word_1_8' title='bbox 538 588 746 676; x_wconf 87' lang='lat' dir='ltr'>triennium,</span> <span class='ocrx_word' id='word_1_9' title='bbox 774 612 846 659; x_wconf 90' lang='lat' dir='ltr'>non</span> <span class='ocrx_word' id='word_1_10' title='bbox 877 601 915 658; x_wconf 88' lang='lat' dir='ltr'>ut</span> <span class='ocrx_word' id='word_1_11' title='bbox 943 588 1088 685; x_wconf 56' lang='lat' dir='ltr'>presul,</span> <span class='ocrx_word' id='word_1_12' title='bbox 1116 588 1179 661; x_wconf 88' lang='lat' dir='ltr'>sed</span> <span class='ocrx_word' id='word_1_13' title='bbox 1205 603 1246 660; x_wconf 92' lang='lat' dir='ltr'>ut</span> 
     </span>
     <span class='ocr_line' id='line_1_3' title="bbox 193 701 1242 800; baseline 0.003 -26"><span class='ocrx_word' id='word_1_14' title='bbox 193 726 334 799; x_wconf 81' lang='lat' dir='ltr'>praeses,</span> <span class='ocrx_word' id='word_1_15' title='bbox 350 701 558 800; x_wconf 81' lang='lat' dir='ltr'>gubernavit</span> <span class='ocrx_word' id='word_1_16' title='bbox 576 704 643 800; x_wconf 82' lang='grc'><strong>(4).</strong></span> <span class='ocrx_word' id='word_1_17' title='bbox 665 709 803 775; x_wconf 77' lang='lat' dir='ltr'><strong>Interea</strong></span> <span class='ocrx_word' id='word_1_18' title='bbox 817 701 1026 776; x_wconf 89' lang='lat' dir='ltr'>Guillelmus</span> <span class='ocrx_word' id='word_1_19' title='bbox 1042 704 1088 777; x_wconf 92' lang='lat' dir='ltr'>de</span> <span class='ocrx_word' id='word_1_20' title='bbox 1103 705 1242 796; x_wconf 84' lang='lat' dir='ltr'>Paccio,</span> 
     </span>
     <span class='ocr_line' id='line_1_4' title="bbox 193 817 1245 919; baseline 0.005 -32"><span class='ocrx_word' id='word_1_21' title='bbox 193 817 327 913; x_wconf 83' lang='lat' dir='ltr'>ingenti</span> <span class='ocrx_word' id='word_1_22' title='bbox 348 819 469 916; x_wconf 88' lang='lat' dir='ltr'>precio</span> <span class='ocrx_word' id='word_1_23' title='bbox 488 819 609 889; x_wconf 87' lang='lat' dir='ltr'>comiti</span> <span class='ocrx_word' id='word_1_24' title='bbox 630 817 728 908; x_wconf 88' lang='lat' dir='ltr'>dato,</span> <span class='ocrx_word' id='word_1_25' title='bbox 755 817 980 916; x_wconf 76' lang='lat' dir='ltr'>praesulatum</span> <span class='ocrx_word' id='word_1_26' title='bbox 997 843 1245 919; x_wconf 68' lang='lat' dir='ltr'>praeoccupare</span> 
     </span>
     <span class='ocr_line' id='line_1_5' title="bbox 193 930 1245 1035; baseline 0.006 -34"><span class='ocrx_word' id='word_1_27' title='bbox 193 932 332 1027; x_wconf 81' lang='lat' dir='ltr'>sategit3</span> <span class='ocrx_word' id='word_1_28' title='bbox 346 930 424 1020; x_wconf 86' lang='lat' dir='ltr'>sed,</span> <span class='ocrx_word' id='word_1_29' title='bbox 436 957 502 1030; x_wconf 86' lang='lat' dir='ltr'>pro</span> <span class='ocrx_word' id='word_1_30' title='bbox 512 934 706 1006; x_wconf 88' lang='lat' dir='ltr'>simoniaca</span> <span class='ocrx_word' id='word_1_31' title='bbox 718 932 789 1022; x_wconf 87' lang='lat' dir='ltr'>lue,</span> <span class='ocrx_word' id='word_1_32' title='bbox 800 934 897 1032; x_wconf 89' lang='lat' dir='ltr'>prius</span> <span class='ocrx_word' id='word_1_33' title='bbox 910 935 1108 1031; x_wconf 77' lang='lat' dir='ltr'>Rotomagi,</span> <span class='ocrx_word' id='word_1_34' title='bbox 1122 951 1245 1035; x_wconf 88' lang='lat' dir='ltr'>postea</span> 
     </span>
     <span class='ocr_line' id='line_1_6' title="bbox 194 1046 1241 1137; baseline 0.006 -22"><span class='ocrx_word' id='word_1_35' title='bbox 194 1047 316 1117; x_wconf 82' lang='lat' dir='ltr'>Romae</span> <span class='ocrx_word' id='word_1_36' title='bbox 342 1046 613 1137; x_wconf 87' lang='lat' dir='ltr'>condemnatus,</span> <span class='ocrx_word' id='word_1_37' title='bbox 636 1049 869 1121; x_wconf 88' lang='lat' dir='ltr'>temeritatem</span> <span class='ocrx_word' id='word_1_38' title='bbox 893 1071 993 1119; x_wconf 90' lang='lat' dir='ltr'>suam</span> <span class='ocrx_word' id='word_1_39' title='bbox 1012 1049 1140 1120; x_wconf 82' lang='lat' dir='ltr'>misere</span> <span class='ocrx_word' id='word_1_40' title='bbox 1164 1049 1241 1121; x_wconf 89' lang='lat' dir='ltr'>luit.</span> 
     </span>
     <span class='ocr_line' id='line_1_7' title="bbox 192 1160 1247 1258; baseline 0.007 -28"><span class='ocrx_word' id='word_1_41' title='bbox 192 1160 249 1230; x_wconf 82' lang='lat' dir='ltr'>Sic</span> <span class='ocrx_word' id='word_1_42' title='bbox 271 1161 347 1233; x_wconf 84' lang='lat' dir='ltr'>lere</span> <span class='ocrx_word' id='word_1_43' title='bbox 368 1162 527 1258; x_wconf 90' lang='lat' dir='ltr'>quinque</span> <span class='ocrx_word' id='word_1_44' title='bbox 549 1163 651 1234; x_wconf 85' lang='lat' dir='ltr'>annis</span> <span class='ocrx_word' id='word_1_45' title='bbox 675 1163 872 1235; x_wconf 76' lang='lat' dir='ltr'>Luxovium</span> <span class='ocrx_word' id='word_1_46' title='bbox 893 1177 1029 1235; x_wconf 85' lang='lat' dir='ltr'>rectore</span> <span class='ocrx_word' id='word_1_47' title='bbox 1052 1165 1184 1253; x_wconf 84' lang='lat' dir='ltr'>caruit,</span> <span class='ocrx_word' id='word_1_48' title='bbox 1211 1178 1247 1237; x_wconf 91' lang='lat' dir='ltr'>et</span> 
     </span>
     <span class='ocr_line' id='line_1_8' title="bbox 192 1275 1245 1375; baseline 0.004 -29"><span class='ocrx_word' id='word_1_49' title='bbox 192 1275 402 1348; x_wconf 88' lang='lat' dir='ltr'>Dominicus</span> <span class='ocrx_word' id='word_1_50' title='bbox 415 1301 511 1374; x_wconf 84' lang='lat' dir='ltr'>grex,</span> <span class='ocrx_word' id='word_1_51' title='bbox 521 1292 663 1375; x_wconf 87' lang='lat' dir='ltr'>pastore</span> <span class='ocrx_word' id='word_1_52' title='bbox 672 1278 781 1373; x_wconf 85' lang='lat' dir='ltr'>digno</span> <span class='ocrx_word' id='word_1_53' title='bbox 789 1300 925 1366; x_wconf 85' lang='lat' dir='ltr'>carens,</span> <span class='ocrx_word' id='word_1_54' title='bbox 936 1276 1067 1375; x_wconf 90' lang='lat' dir='ltr'>lupinis</span> <span class='ocrx_word' id='word_1_55' title='bbox 1076 1276 1245 1350; x_wconf 89' lang='lat' dir='ltr'>dentibus</span> 
     </span>
     <span class='ocr_line' id='line_1_9' title="bbox 192 1389 1245 1489; baseline 0.005 -29"><span class='ocrx_word' id='word_1_56' title='bbox 192 1390 329 1486; x_wconf 87' lang='lat' dir='ltr'>patuit,</span> <span class='ocrx_word' id='word_1_57' title='bbox 349 1390 466 1464; x_wconf 90' lang='lat' dir='ltr'>donec</span> <span class='ocrx_word' id='word_1_58' title='bbox 481 1390 531 1462; x_wconf 91' lang='lat' dir='ltr'>illi</span> <span class='ocrx_word' id='word_1_59' title='bbox 549 1393 660 1488; x_wconf 82' lang='lat' dir='ltr'>gratia</span> <span class='ocrx_word' id='word_1_60' title='bbox 677 1393 743 1464; x_wconf 91' lang='lat' dir='ltr'>Dei</span> <span class='ocrx_word' id='word_1_61' title='bbox 759 1390 959 1464; x_wconf 76' lang='lat' dir='ltr'>iohannem</span> <span class='ocrx_word' id='word_1_62' title='bbox 975 1389 1021 1463; x_wconf 93' lang='lat' dir='ltr'>ad</span> <span class='ocrx_word' id='word_1_63' title='bbox 1042 1389 1156 1489; x_wconf 88' lang='lat' dir='ltr'>plebis</span> <span class='ocrx_word' id='word_1_64' title='bbox 1175 1417 1245 1465; x_wconf 78' lang='lat' dir='ltr'>sure</span> 
     </span>
     <span class='ocr_line' id='line_1_10' title="bbox 192 1504 919 1604; baseline 0.003 -29"><span class='ocrx_word' id='word_1_65' title='bbox 192 1504 475 1579; x_wconf 86' lang='lat' dir='ltr'>consolationem</span> <span class='ocrx_word' id='word_1_66' title='bbox 492 1507 701 1604; x_wconf 86' lang='lat' dir='ltr'>episcopum</span> <span class='ocrx_word' id='word_1_67' title='bbox 718 1504 919 1578; x_wconf 89' lang='lat' dir='ltr'>destinavit.</span> 
     </span>
    </p>

    <p class='ocr_par' dir='ltr' id='par_1_3' title="bbox 189 1619 1246 2407">
     <span class='ocr_line' id='line_1_11' title="bbox 236 1619 1245 1720; baseline 0.003 -30"><span class='ocrx_word' id='word_1_68' title='bbox 236 1624 318 1690; x_wconf 82' lang='lat' dir='ltr'>XIX</span> <span class='ocrx_word' id='word_1_69' title='bbox 337 1620 476 1720; x_wconf 82' lang='lat' dir='ltr'>[lltll].</span> <span class='ocrx_word' id='word_1_70' title='bbox 497 1622 604 1693; x_wconf 89' lang='lat' dir='ltr'>Bonis</span> <span class='ocrx_word' id='word_1_71' title='bbox 624 1621 828 1693; x_wconf 88' lang='lat' dir='ltr'>rumoribus</span> <span class='ocrx_word' id='word_1_72' title='bbox 846 1620 975 1694; x_wconf 91' lang='lat' dir='ltr'>auditis</span> <span class='ocrx_word' id='word_1_73' title='bbox 992 1620 1038 1693; x_wconf 91' lang='lat' dir='ltr'>de</span> <span class='ocrx_word' id='word_1_74' title='bbox 1051 1619 1245 1693; x_wconf 88' lang='lat' dir='ltr'>illustribus</span> 
     </span>
     <span class='ocr_line' id='line_1_12' title="bbox 192 1732 1244 1834; baseline -0.001 -28"><span class='ocrx_word' id='word_1_75' title='bbox 192 1732 345 1826; x_wconf 83' lang='lat' dir='ltr'>athletis,</span> <span class='ocrx_word' id='word_1_76' title='bbox 364 1736 427 1833; x_wconf 89' lang='lat' dir='ltr'>qui</span> <span class='ocrx_word' id='word_1_77' title='bbox 439 1759 585 1834; x_wconf 83' lang='lat' dir='ltr'>peregre</span> <span class='ocrx_word' id='word_1_78' title='bbox 603 1736 752 1834; x_wconf 80' lang='lat' dir='ltr'>proiecti</span> <span class='ocrx_word' id='word_1_79' title='bbox 765 1750 861 1824; x_wconf 87' lang='lat' dir='ltr'>sunt,</span> <span class='ocrx_word' id='word_1_80' title='bbox 882 1749 918 1807; x_wconf 94' lang='lat' dir='ltr'>et</span> <span class='ocrx_word' id='word_1_81' title='bbox 936 1736 972 1806; x_wconf 93' lang='lat' dir='ltr'>in</span> <span class='ocrx_word' id='word_1_82' title='bbox 993 1735 1140 1806; x_wconf 85' lang='lat' dir='ltr'>Oriente</span> <span class='ocrx_word' id='word_1_83' title='bbox 1158 1758 1244 1806; x_wconf 87' lang='lat' dir='ltr'>con·</span> 
     </span>
     <span class='ocr_line' id='line_1_13' title="bbox 191 1848 1245 1946; baseline -0.001 -24"><span class='ocrx_word' id='word_1_84' title='bbox 191 1863 244 1922; x_wconf 84' lang='lat' dir='ltr'>tra</span> <span class='ocrx_word' id='word_1_85' title='bbox 269 1849 441 1924; x_wconf 86' lang='lat' dir='ltr'>Ethnicos</span> <span class='ocrx_word' id='word_1_86' title='bbox 470 1850 507 1922; x_wconf 90' lang='lat' dir='ltr'>in</span> <span class='ocrx_word' id='word_1_87' title='bbox 533 1852 682 1922; x_wconf 88' lang='lat' dir='ltr'>nomine</span> <span class='ocrx_word' id='word_1_88' title='bbox 704 1849 834 1922; x_wconf 88' lang='lat' dir='ltr'>Christi</span> <span class='ocrx_word' id='word_1_89' title='bbox 860 1849 1068 1922; x_wconf 81' lang='lat' dir='ltr'>dimicantes</span> <span class='ocrx_word' id='word_1_90' title='bbox 1092 1848 1245 1946; x_wconf 84' lang='lat' dir='ltr'>gloriose</span> 
     </span>
     <span class='ocr_line' id='line_1_14' title="bbox 192 1961 1244 2065; baseline -0.003 -30"><span class='ocrx_word' id='word_1_91' title='bbox 192 1964 472 2064; x_wconf 88' lang='lat' dir='ltr'>triumpharunt,</span> <span class='ocrx_word' id='word_1_92' title='bbox 493 1965 642 2038; x_wconf 90' lang='lat' dir='ltr'>Occidui</span> <span class='ocrx_word' id='word_1_93' title='bbox 661 1988 826 2065; x_wconf 90' lang='lat' dir='ltr'>proceres</span> <span class='ocrx_word' id='word_1_94' title='bbox 845 1965 1013 2036; x_wconf 91' lang='lat' dir='ltr'>invictam</span> <span class='ocrx_word' id='word_1_95' title='bbox 1028 1961 1244 2063; x_wconf 85' lang='lat' dir='ltr'>probitatem</span> 
     </span>
     <span class='ocr_line' id='line_1_15' title="bbox 190 2076 1246 2177; baseline -0.002 -27"><span class='ocrx_word' id='word_1_96' title='bbox 190 2093 223 2150; x_wconf 88' lang='lat' dir='ltr'>et</span> <span class='ocrx_word' id='word_1_97' title='bbox 245 2078 445 2177; x_wconf 72' lang='lat' dir='ltr'>ivrqrerstos</span> <span class='ocrx_word' id='word_1_98' title='bbox 467 2094 615 2152; x_wconf 88' lang='lat' dir='ltr'>eventus</span> <span class='ocrx_word' id='word_1_99' title='bbox 638 2104 764 2152; x_wconf 90' lang='lat' dir='ltr'>eorum</span> <span class='ocrx_word' id='word_1_100' title='bbox 782 2077 885 2151; x_wconf 90' lang='lat' dir='ltr'>zelati</span> <span class='ocrx_word' id='word_1_101' title='bbox 907 2093 1001 2150; x_wconf 90' lang='lat' dir='ltr'>sunt.</span> <span class='ocrx_word' id='word_1_102' title='bbox 1028 2076 1246 2151; x_wconf 84' lang='lat' dir='ltr'>Consobrini</span> 
     </span>
     <span class='ocr_line' id='line_1_16' title="bbox 190 2191 1244 2293; baseline 0 -29"><span class='ocrx_word' id='word_1_103' title='bbox 190 2207 224 2264; x_wconf 86' lang='lat' dir='ltr'>et</span> <span class='ocrx_word' id='word_1_104' title='bbox 238 2191 365 2265; x_wconf 77' lang='lat' dir='ltr'>affines</span> <span class='ocrx_word' id='word_1_105' title='bbox 389 2219 516 2268; x_wconf 90' lang='lat' dir='ltr'>eorum</span> <span class='ocrx_word' id='word_1_106' title='bbox 535 2195 749 2267; x_wconf 87' lang='lat' dir='ltr'>strenuitatis</span> <span class='ocrx_word' id='word_1_107' title='bbox 768 2192 932 2293; x_wconf 81' lang='lat' dir='ltr'>exemplo</span> <span class='ocrx_word' id='word_1_108' title='bbox 948 2193 995 2266; x_wconf 90' lang='lat' dir='ltr'>ad</span> <span class='ocrx_word' id='word_1_109' title='bbox 1019 2192 1133 2266; x_wconf 87' lang='lat' dir='ltr'>simile</span> <span class='ocrx_word' id='word_1_110' title='bbox 1152 2215 1244 2289; x_wconf 86' lang='lat' dir='ltr'>opus</span> 
     </span>
     <span class='ocr_line' id='line_1_17' title="bbox 189 2308 1246 2407; baseline -0.001 -26"><span class='ocrx_word' id='word_1_111' title='bbox 189 2309 330 2383; x_wconf 80' lang='lat' dir='ltr'>excitati</span> <span class='ocrx_word' id='word_1_112' title='bbox 344 2323 440 2381; x_wconf 91' lang='lat' dir='ltr'>sunt.</span> <span class='ocrx_word' id='word_1_113' title='bbox 457 2308 587 2381; x_wconf 83' lang='lat' dir='ltr'>Multos</span> <span class='ocrx_word' id='word_1_114' title='bbox 601 2310 770 2383; x_wconf 88' lang='lat' dir='ltr'>nimirum</span> <span class='ocrx_word' id='word_1_115' title='bbox 785 2308 947 2382; x_wconf 88' lang='lat' dir='ltr'>accendit</span> <span class='ocrx_word' id='word_1_116' title='bbox 963 2308 1082 2383; x_wconf 84' lang='lat' dir='ltr'>fervor</span> <span class='ocrx_word' id='word_1_117' title='bbox 1093 2308 1246 2407; x_wconf 80' lang='lat' dir='ltr'>peregri·</span> 
     </span>
    </p>
   </div>
   <div class='ocr_carea' id='block_1_3' title="bbox 187 2420 1245 2754">
    <p class='ocr_par' dir='ltr' id='par_1_4' title="bbox 187 2420 1245 2754">
     <span class='ocr_line' id='line_1_18' title="bbox 188 2420 1245 2525; baseline -0.003 -28"><span class='ocrx_word' id='word_1_118' title='bbox 188 2423 312 2515; x_wconf 77' lang='lat' dir='ltr'>nandi,</span> <span class='ocrx_word' id='word_1_119' title='bbox 326 2424 556 2525; x_wconf 88' lang='lat' dir='ltr'>sepulchrum</span> <span class='ocrx_word' id='word_1_120' title='bbox 565 2424 756 2498; x_wconf 87' lang='lat' dir='ltr'>Salvatoris</span> <span class='ocrx_word' id='word_1_121' title='bbox 765 2439 801 2497; x_wconf 91' lang='lat' dir='ltr'>et</span> <span class='ocrx_word' id='word_1_122' title='bbox 814 2438 936 2497; x_wconf 90' lang='lat' dir='ltr'>sancta</span> <span class='ocrx_word' id='word_1_123' title='bbox 948 2423 1028 2496; x_wconf 83' lang='lat' dir='ltr'>loca</span> <span class='ocrx_word' id='word_1_124' title='bbox 1040 2420 1194 2513; x_wconf 87' lang='lat' dir='ltr'>visendi,</span> <span class='ocrx_word' id='word_1_125' title='bbox 1208 2437 1245 2495; x_wconf 93' lang='lat' dir='ltr'>et</span> 
     </span>
     <span class='ocr_line' id='line_1_19' title="bbox 187 2535 1240 2638; baseline -0.005 -25"><span class='ocrx_word' id='word_1_126' title='bbox 187 2539 369 2631; x_wconf 73' lang='lat' dir='ltr'>virtutem,</span> <span class='ocrx_word' id='word_1_127' title='bbox 388 2539 621 2638; x_wconf 86' lang='lat' dir='ltr'>militiamque</span> <span class='ocrx_word' id='word_1_128' title='bbox 637 2564 739 2613; x_wconf 88' lang='lat' dir='ltr'>suam</span> <span class='ocrx_word' id='word_1_129' title='bbox 754 2554 880 2613; x_wconf 81' lang='lat' dir='ltr'>contm</span> <span class='ocrx_word' id='word_1_130' title='bbox 892 2544 1025 2612; x_wconf 88' lang='lat' dir='ltr'>Turcos</span> <span class='ocrx_word' id='word_1_131' title='bbox 1039 2535 1240 2612; x_wconf 79' lang='lat' dir='ltr'>exercendi.</span> 
     </span>
     <span class='ocr_line' id='line_1_20' title="bbox 188 2651 1243 2754; baseline -0.003 -28"><span class='ocrx_word' id='word_1_132' title='bbox 188 2652 311 2728; x_wconf 84' lang='lat' dir='ltr'>Plures</span> <span class='ocrx_word' id='word_1_133' title='bbox 325 2656 432 2728; x_wconf 89' lang='lat' dir='ltr'>etiam</span> <span class='ocrx_word' id='word_1_134' title='bbox 450 2670 566 2728; x_wconf 90' lang='lat' dir='ltr'>terror</span> <span class='ocrx_word' id='word_1_135' title='bbox 584 2654 793 2754; x_wconf 76' lang='lat' dir='ltr'>Apostolioae</span> <span class='ocrx_word' id='word_1_136' title='bbox 810 2653 1070 2728; x_wconf 85' lang='lat' dir='ltr'>maledictionis</span> <span class='ocrx_word' id='word_1_137' title='bbox 1087 2651 1243 2751; x_wconf 85' lang='lat' dir='ltr'>peregri·</span> 
     </span>
    </p>
   </div>
   <div class='ocr_carea' id='block_1_4' title="bbox 187 2925 1245 4062">
    <p class='ocr_par' dir='ltr' id='par_1_5' title="bbox 187 2925 1245 4062">
     <span class='ocr_line' id='line_1_21' title="bbox 218 2925 1243 3000; baseline -0.003 -17"><span class='ocrx_word' id='word_1_138' title='bbox 218 2925 261 2998; x_wconf 81' lang='grc'>(4)</span> <span class='ocrx_word' id='word_1_139' title='bbox 277 2927 322 2981; x_wconf 79' lang='lat' dir='ltr'>sn</span> <span class='ocrx_word' id='word_1_140' title='bbox 335 2928 500 3000; x_wconf 84' lang='lat' dir='ltr'>s’emparant</span> <span class='ocrx_word' id='word_1_141' title='bbox 512 2929 547 2985; x_wconf 91' lang='lat' dir='ltr'>de</span> <span class='ocrx_word' id='word_1_142' title='bbox 559 2929 681 2987; x_wconf 70' lang='lat' dir='ltr'>l’eveche</span> <span class='ocrx_word' id='word_1_143' title='bbox 693 2929 729 2986; x_wconf 87' lang='lat' dir='ltr'>de</span> <span class='ocrx_word' id='word_1_144' title='bbox 742 2931 850 2986; x_wconf 79' lang='lat' dir='ltr'>Lisieux</span> <span class='ocrx_word' id='word_1_145' title='bbox 864 2949 899 2985; x_wconf 84' lang='lat' dir='ltr'>au</span> <span class='ocrx_word' id='word_1_146' title='bbox 911 2946 977 2984; x_wconf 88' lang='lat' dir='ltr'>nom</span> <span class='ocrx_word' id='word_1_147' title='bbox 989 2928 1025 2983; x_wconf 91' lang='lat' dir='ltr'>de</span> <span class='ocrx_word' id='word_1_148' title='bbox 1042 2944 1092 2982; x_wconf 81' lang='lat' dir='ltr'>son</span> <span class='ocrx_word' id='word_1_149' title='bbox 1110 2925 1152 2980; x_wconf 84' lang='lat' dir='ltr'>fils</span> <span class='ocrx_word' id='word_1_150' title='bbox 1165 2925 1243 2981; x_wconf 83' lang='lat' dir='ltr'>Tho·</span> 
     </span>
     <span class='ocr_line' id='line_1_22' title="bbox 189 3014 1245 3092; baseline -0.001 -22"><span class='ocrx_word' id='word_1_151' title='bbox 189 3032 259 3083; x_wconf 81' lang='lat' dir='ltr'>tuas,</span> <span class='ocrx_word' id='word_1_152' title='bbox 272 3015 326 3088; x_wconf 70' lang='lat' dir='ltr'>ige</span> <span class='ocrx_word' id='word_1_153' title='bbox 336 3014 372 3071; x_wconf 86' lang='lat' dir='ltr'>de</span> <span class='ocrx_word' id='word_1_154' title='bbox 381 3016 470 3073; x_wconf 82' lang='lat' dir='ltr'>douae</span> <span class='ocrx_word' id='word_1_155' title='bbox 483 3037 544 3086; x_wconf 83' lang='lat' dir='ltr'>ans,</span> <span class='ocrx_word' id='word_1_156' title='bbox 558 3019 677 3075; x_wconf 83' lang='lat' dir='ltr'>llanulte</span> <span class='ocrx_word' id='word_1_157' title='bbox 689 3019 762 3075; x_wconf 79' lang='lat' dir='ltr'>avait</span> <span class='ocrx_word' id='word_1_158' title='bbox 773 3017 877 3092; x_wconf 72' lang='lat' dir='ltr'>stipuld</span> <span class='ocrx_word' id='word_1_159' title='bbox 885 3035 940 3092; x_wconf 87' lang='lat' dir='ltr'>que</span> <span class='ocrx_word' id='word_1_160' title='bbox 952 3017 1066 3073; x_wconf 84' lang='lat' dir='ltr'>celui-ci</span> <span class='ocrx_word' id='word_1_161' title='bbox 1078 3017 1162 3071; x_wconf 85' lang='lat' dir='ltr'>serait</span> <span class='ocrx_word' id='word_1_162' title='bbox 1172 3033 1245 3070; x_wconf 86' lang='lat' dir='ltr'>rem·</span> 
     </span>
     <span class='ocr_line' id='line_1_23' title="bbox 188 3102 1242 3178; baseline 0 -20"><span class='ocrx_word' id='word_1_163' title='bbox 188 3102 264 3176; x_wconf 66' lang='lat' dir='ltr'>place</span> <span class='ocrx_word' id='word_1_164' title='bbox 274 3121 328 3178; x_wconf 73' lang='lat' dir='ltr'>per</span> <span class='ocrx_word' id='word_1_165' title='bbox 339 3122 379 3159; x_wconf 92' lang='lat' dir='ltr'>un</span> <span class='ocrx_word' id='word_1_166' title='bbox 390 3116 469 3162; x_wconf 88' lang='lat' dir='ltr'>autre</span> <span class='ocrx_word' id='word_1_167' title='bbox 483 3106 572 3162; x_wconf 86' lang='lat' dir='ltr'>deses</span> <span class='ocrx_word' id='word_1_168' title='bbox 584 3106 702 3174; x_wconf 64' lang='lat' dir='ltr'>enisum,</span> <span class='ocrx_word' id='word_1_169' title='bbox 718 3105 758 3160; x_wconf 87' lang='lat' dir='ltr'>s’il</span> <span class='ocrx_word' id='word_1_170' title='bbox 771 3105 889 3163; x_wconf 74' lang='lat' dir='ltr'>venaitt</span> <span class='ocrx_word' id='word_1_171' title='bbox 906 3105 1023 3159; x_wconf 87' lang='lat' dir='ltr'>mourir.</span> <span class='ocrx_word' id='word_1_172' title='bbox 1038 3105 1109 3159; x_wconf 79' lang='lat' dir='ltr'>Mais</span> <span class='ocrx_word' id='word_1_173' title='bbox 1120 3121 1151 3158; x_wconf 89' lang='lat' dir='ltr'>ce</span> <span class='ocrx_word' id='word_1_174' title='bbox 1163 3120 1242 3160; x_wconf 78' lang='lat' dir='ltr'>scan-</span> 
     </span>
     <span class='ocr_line' id='line_1_24' title="bbox 188 3191 1243 3270; baseline 0 -22"><span class='ocrx_word' id='word_1_175' title='bbox 188 3191 247 3248; x_wconf 72' lang='lat' dir='ltr'>tate</span> <span class='ocrx_word' id='word_1_176' title='bbox 267 3209 304 3247; x_wconf 89' lang='lat' dir='ltr'>ne</span> <span class='ocrx_word' id='word_1_177' title='bbox 320 3191 390 3247; x_wconf 84' lang='lat' dir='ltr'>dura</span> <span class='ocrx_word' id='word_1_178' title='bbox 405 3211 461 3268; x_wconf 87' lang='lat' dir='ltr'>que</span> <span class='ocrx_word' id='word_1_179' title='bbox 477 3195 547 3250; x_wconf 89' lang='lat' dir='ltr'>trois</span> <span class='ocrx_word' id='word_1_180' title='bbox 559 3214 623 3263; x_wconf 81' lang='lat' dir='ltr'>ans,</span> <span class='ocrx_word' id='word_1_181' title='bbox 639 3213 675 3250; x_wconf 83' lang='lat' dir='ltr'>au</span> <span class='ocrx_word' id='word_1_182' title='bbox 690 3195 760 3251; x_wconf 90' lang='lat' dir='ltr'>bont</span> <span class='ocrx_word' id='word_1_183' title='bbox 772 3193 899 3270; x_wconf 72' lang='lat' dir='ltr'>desquels</span> <span class='ocrx_word' id='word_1_184' title='bbox 916 3193 942 3250; x_wconf 86' lang='lat' dir='ltr'>le</span> <span class='ocrx_word' id='word_1_185' title='bbox 954 3192 1024 3263; x_wconf 91' lang='lat' dir='ltr'>duc,</span> <span class='ocrx_word' id='word_1_186' title='bbox 1038 3194 1124 3249; x_wconf 82' lang='lat' dir='ltr'>averti</span> <span class='ocrx_word' id='word_1_187' title='bbox 1141 3192 1243 3266; x_wconf 84' lang='lat' dir='ltr'>parles</span> 
     </span>
     <span class='ocr_line' id='line_1_25' title="bbox 188 3279 1243 3360; baseline 0 -24"><span class='ocrx_word' id='word_1_188' title='bbox 188 3280 378 3336; x_wconf 70' lang='lat' dir='ltr'>reclamatione</span> <span class='ocrx_word' id='word_1_189' title='bbox 389 3280 425 3337; x_wconf 89' lang='lat' dir='ltr'>de</span> <span class='ocrx_word' id='word_1_190' title='bbox 437 3282 628 3360; x_wconf 74' lang='lat' dir='ltr'>l’archeveque</span> <span class='ocrx_word' id='word_1_191' title='bbox 640 3284 676 3340; x_wconf 91' lang='lat' dir='ltr'>de</span> <span class='ocrx_word' id='word_1_192' title='bbox 688 3284 788 3340; x_wconf 85' lang='lat' dir='ltr'>Rouen</span> <span class='ocrx_word' id='word_1_193' title='bbox 802 3293 831 3339; x_wconf 91' lang='lat' dir='ltr'>et</span> <span class='ocrx_word' id='word_1_194' title='bbox 843 3281 893 3339; x_wconf 86' lang='lat' dir='ltr'>des</span> <span class='ocrx_word' id='word_1_195' title='bbox 905 3279 1008 3356; x_wconf 73' lang='lat' dir='ltr'>prelats</span> <span class='ocrx_word' id='word_1_196' title='bbox 1021 3280 1137 3349; x_wconf 85' lang='lat' dir='ltr'>misius,</span> <span class='ocrx_word' id='word_1_197' title='bbox 1151 3298 1180 3335; x_wconf 86' lang='lat' dir='ltr'>se</span> <span class='ocrx_word' id='word_1_198' title='bbox 1192 3280 1243 3336; x_wconf 77' lang='lat' dir='ltr'>de-</span> 
     </span>
     <span class='ocr_line' id='line_1_26' title="bbox 187 3367 1244 3441; baseline -0.002 -18"><span class='ocrx_word' id='word_1_199' title='bbox 187 3370 304 3424; x_wconf 79' lang='lat' dir='ltr'>ternina</span> <span class='ocrx_word' id='word_1_200' title='bbox 316 3367 391 3425; x_wconf 82' lang='lat' dir='ltr'>enfin</span> <span class='ocrx_word' id='word_1_201' title='bbox 402 3373 444 3441; x_wconf 77' lang='lat' dir='ltr'>ty</span> <span class='ocrx_word' id='word_1_202' title='bbox 454 3380 556 3427; x_wconf 89' lang='lat' dir='ltr'>mettre</span> <span class='ocrx_word' id='word_1_203' title='bbox 567 3371 660 3427; x_wconf 87' lang='lat' dir='ltr'>ordre.</span> <span class='ocrx_word' id='word_1_204' title='bbox 672 3371 816 3428; x_wconf 81' lang='lat' dir='ltr'>Toutesoir</span> <span class='ocrx_word' id='word_1_205' title='bbox 827 3370 855 3428; x_wconf 83' lang='lat' dir='ltr'>lc</span> <span class='ocrx_word' id='word_1_206' title='bbox 865 3369 974 3426; x_wconf 67' lang='lat' dir='ltr'>diocese</span> <span class='ocrx_word' id='word_1_207' title='bbox 983 3368 1019 3425; x_wconf 83' lang='lat' dir='ltr'>de</span> <span class='ocrx_word' id='word_1_208' title='bbox 1028 3368 1136 3425; x_wconf 80' lang='lat' dir='ltr'>lisieux</span> <span class='ocrx_word' id='word_1_209' title='bbox 1148 3368 1244 3422; x_wconf 76' lang='lat' dir='ltr'>n’etait</span> 
     </span>
     <span class='ocr_line' id='line_1_27' title="bbox 188 3455 1243 3527; baseline -0.002 -15"><span class='ocrx_word' id='word_1_210' title='bbox 188 3473 345 3527; x_wconf 80' lang='lat' dir='ltr'>pssencore</span> <span class='ocrx_word' id='word_1_211' title='bbox 361 3476 396 3512; x_wconf 85' lang='lat' dir='ltr'>au</span> <span class='ocrx_word' id='word_1_212' title='bbox 412 3458 482 3514; x_wconf 93' lang='lat' dir='ltr'>bout</span> <span class='ocrx_word' id='word_1_213' title='bbox 493 3458 529 3514; x_wconf 90' lang='lat' dir='ltr'>de</span> <span class='ocrx_word' id='word_1_214' title='bbox 542 3477 584 3514; x_wconf 87' lang='lat' dir='ltr'>ses</span> <span class='ocrx_word' id='word_1_215' title='bbox 597 3459 752 3527; x_wconf 82' lang='lat' dir='ltr'>malheurs,</span> <span class='ocrx_word' id='word_1_216' title='bbox 767 3459 797 3515; x_wconf 90' lang='lat' dir='ltr'>ni</span> <span class='ocrx_word' id='word_1_217' title='bbox 809 3457 860 3514; x_wconf 82' lang='lat' dir='ltr'>des</span> <span class='ocrx_word' id='word_1_218' title='bbox 871 3460 982 3513; x_wconf 71' lang='lat' dir='ltr'>menses</span> <span class='ocrx_word' id='word_1_219' title='bbox 999 3456 1035 3512; x_wconf 87' lang='lat' dir='ltr'>de</span> <span class='ocrx_word' id='word_1_220' title='bbox 1052 3455 1180 3512; x_wconf 81' lang='lat' dir='ltr'>Ranulle.</span> <span class='ocrx_word' id='word_1_221' title='bbox 1195 3455 1243 3513; x_wconf 93' lang='lat' dir='ltr'>On</span> 
     </span>
     <span class='ocr_line' id='line_1_28' title="bbox 188 3535 1243 3614; baseline -0.001 -15"><span class='ocrx_word' id='word_1_222' title='bbox 188 3543 242 3600; x_wconf 82' lang='lat' dir='ltr'>ttut</span> <span class='ocrx_word' id='word_1_223' title='bbox 261 3544 378 3600; x_wconf 85' lang='lat' dir='ltr'>d’abord</span> <span class='ocrx_word' id='word_1_224' title='bbox 396 3546 571 3614; x_wconf 84' lang='lat' dir='ltr'>Guillaume,</span> <span class='ocrx_word' id='word_1_225' title='bbox 590 3549 760 3603; x_wconf 84' lang='lat' dir='ltr'>archidiacre</span> <span class='ocrx_word' id='word_1_226' title='bbox 777 3535 912 3603; x_wconf 75' lang='lat' dir='ltr'>d’Evreux</span> <span class='ocrx_word' id='word_1_227' title='bbox 928 3570 936 3614; x_wconf 87' lang='lat'>;</span> <span class='ocrx_word' id='word_1_228' title='bbox 953 3546 1047 3601; x_wconf 79' lang='lat' dir='ltr'>c&#39;etait</span> <span class='ocrx_word' id='word_1_229' title='bbox 1058 3564 1096 3599; x_wconf 93' lang='lat' dir='ltr'>un</span> <span class='ocrx_word' id='word_1_230' title='bbox 1116 3544 1243 3600; x_wconf 71' lang='lat' dir='ltr'>tres-bon</span> 
     </span>
     <span class='ocr_line' id='line_1_29' title="bbox 188 3633 1243 3711; baseline -0.004 -22"><span class='ocrx_word' id='word_1_231' title='bbox 188 3633 283 3702; x_wconf 57' lang='lat' dir='ltr'>chniu</span> <span class='ocrx_word' id='word_1_232' title='bbox 298 3636 367 3689; x_wconf 87' lang='lat' dir='ltr'>mais</span> <span class='ocrx_word' id='word_1_233' title='bbox 386 3635 576 3711; x_wconf 71' lang='lat' dir='ltr'>l’archevdque</span> <span class='ocrx_word' id='word_1_234' title='bbox 593 3637 662 3692; x_wconf 76' lang='lat' dir='ltr'>etait</span> <span class='ocrx_word' id='word_1_235' title='bbox 681 3634 822 3708; x_wconf 84' lang='lat' dir='ltr'>suspendu</span> <span class='ocrx_word' id='word_1_236' title='bbox 837 3635 872 3690; x_wconf 91' lang='lat' dir='ltr'>de</span> <span class='ocrx_word' id='word_1_237' title='bbox 889 3652 931 3689; x_wconf 90' lang='lat' dir='ltr'>ses</span> <span class='ocrx_word' id='word_1_238' title='bbox 945 3633 1097 3699; x_wconf 82' lang='lat' dir='ltr'>fonctions,</span> <span class='ocrx_word' id='word_1_239' title='bbox 1112 3642 1141 3686; x_wconf 86' lang='lat' dir='ltr'>et</span> <span class='ocrx_word' id='word_1_240' title='bbox 1152 3649 1243 3687; x_wconf 85' lang='lat' dir='ltr'>aucun</span> 
     </span>
     <span class='ocr_line' id='line_1_30' title="bbox 189 3719 1243 3797; baseline 0 -21"><span class='ocrx_word' id='word_1_241' title='bbox 189 3719 232 3776; x_wconf 81' lang='lat' dir='ltr'>des</span> <span class='ocrx_word' id='word_1_242' title='bbox 243 3722 411 3796; x_wconf 73' lang='lat' dir='ltr'>sullmgants</span> <span class='ocrx_word' id='word_1_243' title='bbox 422 3741 457 3778; x_wconf 88' lang='lat' dir='ltr'>ne</span> <span class='ocrx_word' id='word_1_244' title='bbox 466 3725 563 3780; x_wconf 90' lang='lat' dir='ltr'>voulut</span> <span class='ocrx_word' id='word_1_245' title='bbox 573 3723 600 3779; x_wconf 91' lang='lat' dir='ltr'>le</span> <span class='ocrx_word' id='word_1_246' title='bbox 614 3724 777 3797; x_wconf 78' lang='lat' dir='ltr'>templacer.</span> <span class='ocrx_word' id='word_1_247' title='bbox 791 3724 872 3780; x_wconf 79' lang='lat' dir='ltr'>Alors</span> <span class='ocrx_word' id='word_1_248' title='bbox 882 3720 1003 3778; x_wconf 81' lang='lat' dir='ltr'>Ranulle</span> <span class='ocrx_word' id='word_1_249' title='bbox 1016 3723 1144 3794; x_wconf 79' lang='lat' dir='ltr'>presenta</span> <span class='ocrx_word' id='word_1_250' title='bbox 1156 3739 1195 3774; x_wconf 87' lang='lat' dir='ltr'>uu</span> <span class='ocrx_word' id='word_1_251' title='bbox 1207 3719 1243 3776; x_wconf 87' lang='lat' dir='ltr'>de</span> 
     </span>
     <span class='ocr_line' id='line_1_31' title="bbox 188 3809 1242 3886; baseline -0.005 -20"><span class='ocrx_word' id='word_1_252' title='bbox 188 3826 226 3865; x_wconf 80' lang='lat' dir='ltr'>ses</span> <span class='ocrx_word' id='word_1_253' title='bbox 243 3810 331 3866; x_wconf 86' lang='lat' dir='ltr'>clercs</span> <span class='ocrx_word' id='word_1_254' title='bbox 346 3814 459 3866; x_wconf 73' lang='lat' dir='ltr'>nomme</span> <span class='ocrx_word' id='word_1_255' title='bbox 475 3812 638 3869; x_wconf 84' lang='lat' dir='ltr'>Guillaume</span> <span class='ocrx_word' id='word_1_256' title='bbox 657 3813 693 3868; x_wconf 91' lang='lat' dir='ltr'>de</span> <span class='ocrx_word' id='word_1_257' title='bbox 711 3813 790 3881; x_wconf 83' lang='lat' dir='ltr'>Paci,</span> <span class='ocrx_word' id='word_1_258' title='bbox 807 3813 855 3886; x_wconf 90' lang='lat' dir='ltr'>qui</span> <span class='ocrx_word' id='word_1_259' title='bbox 870 3811 914 3866; x_wconf 86' lang='lat' dir='ltr'>lut</span> <span class='ocrx_word' id='word_1_260' title='bbox 926 3812 1058 3883; x_wconf 76' lang='lat' dir='ltr'>reputasse</span> <span class='ocrx_word' id='word_1_261' title='bbox 1078 3826 1186 3863; x_wconf 87' lang='lat' dir='ltr'>comme</span> <span class='ocrx_word' id='word_1_262' title='bbox 1204 3809 1242 3861; x_wconf 87' lang='lat' dir='ltr'>si-</span> 
     </span>
     <span class='ocr_line' id='line_1_32' title="bbox 189 3895 1240 3972; baseline -0.005 -18"><span class='ocrx_word' id='word_1_263' title='bbox 189 3898 343 3972; x_wconf 74' lang='lat' dir='ltr'>monisque.</span> <span class='ocrx_word' id='word_1_264' title='bbox 355 3900 446 3972; x_wconf 71' lang='lat' dir='ltr'>Apres</span> <span class='ocrx_word' id='word_1_265' title='bbox 457 3899 483 3955; x_wconf 85' lang='lat' dir='ltr'>la</span> <span class='ocrx_word' id='word_1_266' title='bbox 493 3899 603 3956; x_wconf 83' lang='lat' dir='ltr'>bataille</span> <span class='ocrx_word' id='word_1_267' title='bbox 613 3901 836 3968; x_wconf 85' lang='lat' dir='ltr'>deTinchebrai‚</span> <span class='ocrx_word' id='word_1_268' title='bbox 850 3901 951 3968; x_wconf 81' lang='lat' dir='ltr'>Herve,</span> <span class='ocrx_word' id='word_1_269' title='bbox 961 3898 1064 3971; x_wconf 72' lang='lat' dir='ltr'>tueque</span> <span class='ocrx_word' id='word_1_270' title='bbox 1074 3896 1109 3952; x_wconf 92' lang='lat' dir='ltr'>de</span> <span class='ocrx_word' id='word_1_271' title='bbox 1117 3895 1240 3968; x_wconf 78' lang='lat' dir='ltr'>Bargus,</span> 
     </span>
     <span class='ocr_line' id='line_1_33' title="bbox 187 3985 1242 4062; baseline -0.005 -20"><span class='ocrx_word' id='word_1_272' title='bbox 187 3986 282 4042; x_wconf 80' lang='lat' dir='ltr'>voulut</span> <span class='ocrx_word' id='word_1_273' title='bbox 290 4005 392 4043; x_wconf 81' lang='lat' dir='ltr'>encore</span> <span class='ocrx_word' id='word_1_274' title='bbox 404 4000 548 4061; x_wconf 81' lang='lat' dir='ltr'>permutet·</span> <span class='ocrx_word' id='word_1_275' title='bbox 561 4008 610 4044; x_wconf 88' lang='lat' dir='ltr'>sou</span> <span class='ocrx_word' id='word_1_276' title='bbox 622 3991 697 4062; x_wconf 74' lang='lat' dir='ltr'>siege</span> <span class='ocrx_word' id='word_1_277' title='bbox 707 3999 804 4044; x_wconf 88' lang='lat' dir='ltr'>contre</span> <span class='ocrx_word' id='word_1_278' title='bbox 816 3989 888 4044; x_wconf 87' lang='lat' dir='ltr'>celui</span> <span class='ocrx_word' id='word_1_279' title='bbox 901 3988 936 4042; x_wconf 92' lang='lat' dir='ltr'>de</span> <span class='ocrx_word' id='word_1_280' title='bbox 948 3988 1067 4042; x_wconf 83' lang='lat' dir='ltr'>Lisieus.</span> <span class='ocrx_word' id='word_1_281' title='bbox 1081 3985 1155 4052; x_wconf 85' lang='lat' dir='ltr'>Brel,</span> <span class='ocrx_word' id='word_1_282' title='bbox 1170 3994 1242 4039; x_wconf 87' lang='lat' dir='ltr'>cette</span> 
     </span>
    </p>
   </div>
   <div class='ocr_carea' id='block_1_5' title="bbox 188 4072 1244 4234">
    <p class='ocr_par' dir='ltr' id='par_1_6' title="bbox 188 4072 1244 4234">
     <span class='ocr_line' id='line_1_34' title="bbox 188 4072 1244 4148; baseline -0.009 -15"><span class='ocrx_word' id='word_1_283' title='bbox 188 4075 282 4148; x_wconf 59' lang='lat' dir='ltr'>isliu,</span> <span class='ocrx_word' id='word_1_284' title='bbox 305 4094 414 4131; x_wconf 79' lang='lat' dir='ltr'>wmme</span> <span class='ocrx_word' id='word_1_285' title='bbox 434 4077 520 4133; x_wconf 85' lang='lat' dir='ltr'>ledit</span> <span class='ocrx_word' id='word_1_286' title='bbox 538 4089 619 4134; x_wconf 88' lang='lat' dir='ltr'>notre</span> <span class='ocrx_word' id='word_1_287' title='bbox 638 4089 748 4143; x_wconf 86' lang='lat' dir='ltr'>auteur,</span> <span class='ocrx_word' id='word_1_288' title='bbox 768 4096 803 4132; x_wconf 89' lang='lat' dir='ltr'>ne</span> <span class='ocrx_word' id='word_1_289' title='bbox 828 4094 959 4132; x_wconf 86' lang='lat' dir='ltr'>recouvra</span> <span class='ocrx_word' id='word_1_290' title='bbox 977 4075 1003 4130; x_wconf 89' lang='lat' dir='ltr'>le</span> <span class='ocrx_word' id='word_1_291' title='bbox 1023 4091 1104 4148; x_wconf 80' lang='lat' dir='ltr'>repas</span> <span class='ocrx_word' id='word_1_292' title='bbox 1116 4072 1244 4146; x_wconf 69' lang='lat' dir='ltr'>qu’apris</span> 
     </span>
     <span class='ocr_line' id='line_1_35' title="bbox 189 4157 930 4234; baseline -0.001 -17"><span class='ocrx_word' id='word_1_293' title='bbox 189 4157 321 4218; x_wconf 77' lang='lat' dir='ltr'>t’tteetton</span> <span class='ocrx_word' id='word_1_294' title='bbox 334 4162 465 4232; x_wconf 82' lang='lat' dir='ltr'>delean,</span> <span class='ocrx_word' id='word_1_295' title='bbox 479 4165 650 4221; x_wconf 82' lang='lat' dir='ltr'>archidiaere</span> <span class='ocrx_word' id='word_1_296' title='bbox 661 4165 696 4221; x_wconf 85' lang='lat' dir='ltr'>de</span> <span class='ocrx_word' id='word_1_297' title='bbox 708 4165 788 4234; x_wconf 67' lang='lat' dir='ltr'>Stes,</span> <span class='ocrx_word' id='word_1_298' title='bbox 802 4183 837 4220; x_wconf 87' lang='lat' dir='ltr'>eu</span> <span class='ocrx_word' id='word_1_299' title='bbox 851 4165 930 4220; x_wconf 78' lang='lat' dir='ltr'>ttot.</span> 
     </span>
    </p>
   </div>
   <div class='ocr_carea' id='block_1_6' title="bbox 0 0 1448 4934">
    <p class='ocr_par' dir='ltr' id='par_1_7' title="bbox 0 0 1448 4934">
     <span class='ocr_line' id='line_1_36' title="bbox 0 0 1448 4934; baseline 0 1"><span class='ocrx_word' id='word_1_300' title='bbox 0 0 1448 4934; x_wconf 95' lang='lat' dir='ltr'> </span> 
     </span>
    </p>
   </div>
  </div>
 </body>
</html>
