2888 4934
199 390 313 470 [naa]
545 387 662 449 mnan
684 388 926 450 unnacruus.
1201 393 1262 451 au

250 527 374 594 XXVl.
395 526 532 595 lnterea
544 521 652 596 Balad
663 522 819 594 Sahanas
832 521 885 618 (id
896 536 948 593 est
959 523 1171 617 vicecomes)
1187 524 1264 594 Ral-

191 638 282 727 dac,
297 639 360 735 qui
373 636 483 709 filiam
496 637 658 709 Roduani
673 638 764 733 regis
782 637 891 734 Aleplr
911 661 1059 708 cruorem
1075 636 1212 726 habuit,
1229 653 1264 709 et

191 777 285 827 cum
306 777 347 824 ea
369 777 520 850 reguum
543 753 618 849 ejus
634 751 806 840 obtinuit,
829 752 941 822 multo
960 767 1120 848 tempore
1138 768 1264 824 contra

186 869 422 942 Christianos
435 871 562 941 acriter
579 870 738 941 certavit.
755 870 818 939 Hic
831 868 998 939 nimirum
1012 869 1178 966 antiquus
1189 869 1263 941 bel·

186 983 308 1073 lator,
334 984 421 1056 dum
441 985 593 1067 Moubec
614 985 739 1056 urbem
761 984 957 1072 obsideret,
979 1000 1014 1055 et
1030 985 1264 1058 nibilominus

188 1098 345 1171 (lamnis
358 1100 640 1173 Christianorum
652 1100 816 1187 inhiaret,
834 1101 1006 1198 comperit
1017 1100 1116 1198 quod
1131 1100 1265 1173 Baldui·

187 1239 272 1287 nus
288 1239 353 1287 rex
368 1231 402 1288 et
420 1214 630 1305 loscelinus,
650 1214 779 1313 aliique
795 1212 1024 1312 quamplures
1039 1214 1137 1287 adire
1154 1219 1266 1313 Rages

192 1328 351 1418 pellent,
364 1328 485 1427 ibique
493 1330 668 1403 solemnia
677 1328 1260 1404 Pascliaecelebraredecrevisseut.
1347 1373 1354 1381 -

188 1436 244 1514 ln
266 1443 391 1516 ultima
413 1446 520 1542 igitur
543 1445 772 1519 hebdomada
790 1444 1091 1542 Quadragesimae‚
1111 1446 1203 1519 clam
1222 1445 1268 1518 de

194 1556 393 1631 obsidione
410 1585 493 1633 cum
510 1586 555 1632 xc
572 1559 727 1632 millibus
744 1560 915 1649 discessit,
938 1576 973 1633 et
988 1561 1203 1633 loscelinum
1221 1560 1267 1632 de

188 1672 404 1764 'lomesseb
426 1699 468 1746 ac
490 1675 759 1747 Gualerannum
781 1675 827 1747 de
849 1677 1014 1765 Pusacio,
1037 1678 1099 1773 qui
1119 1698 1268 1773 preces·

200 1803 341 1878 serant,
379 1789 465 1863 seria
497 1791 624 1888 quinta
652 1795 770 1862 Coenae
798 1792 945 1861 Domini
976 1788 1263 1889 comprehendit.

203 1904 345 1977 Deinde
362 1906 399 1977 in
414 1906 596 1978 condensa
617 1906 793 1977 olivarum
810 1905 910 1996 silva,
928 1906 1038 1977 veluti
1053 1905 1170 2004 lupus,
1186 1930 1268 1977 oum

202 2019 275 2090 suis
297 2018 457 2109 delituit,
485 2021 594 2093 acad
620 2035 769 2119 pontem
788 2023 909 2092 Toreis
929 2046 1037 2120 super
1063 2021 1268 2121 Euphraten

206 2133 418 2207 Balduinnm
428 2161 562 2234 regem,
574 2134 723 2209 sabbato
737 2137 890 2227 Paschae,
900 2138 937 2213 in
948 2138 1085 2211 insidiis
1095 2151 1273 2236 exspecta·

205 2248 267 2339 vit,
287 2250 511 2347 ignorantem
529 2251 617 2349 quid
635 2251 818 2327 sodalibus
834 2278 926 2352 quos
950 2255 1167 2351 praemiserat
1182 2278 1271 2326 con-

206 2365 334 2462 tigerit.
361 2367 572 2467 capellanos
596 2368 773 2466 siquidem
796 2385 832 2441 et
851 2370 988 2441 inerme
1015 2368 1140 2466 vulgus
1159 2370 1270 2440 versi·

206 2481 308 2581 pellis
319 2482 525 2582 explorator
537 2483 640 2575 vidit,
656 2484 733 2575 sed,
749 2468 975 2585 pinguiorem
992 2485 1148 2584 praedam
1166 2482 1271 2565 avide

206 2614 366 2698 captans,
382 2601 529 2701 impune
538 2601 766 2700 pretergredi
776 2603 948 2700 permisit.
960 2602 1124 2699 Denique
1134 2623 1286 2696 regem,.

208 2738 289 2786 cum
320 2741 416 2786 xxxv
450 2716 621 2788 militibus
645 2741 770 2788 secure
799 2741 884 2788 suos
909 2730 1139 2813 sequentem,
1169 2736 1270 2784 com·

208 2826 466 2926 prehendit,.ac
479 2830 626 2902 demum
640 2855 766 2903 omnes
781 2845 917 2903 turmas
930 2855 1025 2919 suas,
1044 2853 1109 2900 ceu
1127 2825 1270 2898 rabidas

209 2942 368 3041 tigrides,
391 2959 473 3044 post
496 2945 652 3018 inermes
673 2944 879 3035 destinavit,
900 2960 936 3017 et
955 2968 1082 3016 omnes
1106 2942 1272 3042 protinus
1371 2964 1374 2971 ’

210 3058 323 3131 occidi
352 3062 530 3158 precepit.
556 3060 664 3148 Quod
691 3063 739 3132 ita
763 3061 896 3132 factum
922 3074 987 3132 est.
1018 3063 1153 3130 Omnes
1174 3057 1272 3130 enim

209 3174 382 3274 capellani
399 3177 491 3272 regis
513 3190 548 3247 et
571 3177 725 3247 inermes
746 3176 808 3274 qui
828 3188 1097 3275 praecesserant,
1121 3171 1272 3246 sabbato

210 3288 367 3379 Paschae,
387 3305 427 3363 ut
444 3289 627 3382 bidentes,
647 3293 764 3363 necati
780 3305 864 3362 sunt
882 3291 950 3387 (l).
1059 3364 1062 3369 ,

208 3601 322 3647 mourut
340 3609 376 3646 en
393 3596 479 3660 ttao,
499 3591 568 3646 dans
587 3592 697 3647 l’assaut
716 3591 755 3646 dn
772 3592 890 3647 chdteau
909 3590 1064 3648 d'Athareb
1075 3610 1135 3664 ⁴par
1153 3590 1270 3657 l'aubek

208 3680 354 3737 unaetieu
368 3680 495 3753 Zengbi,
509 3699 545 3735 ne
557 3680 668 3735 laimunt
680 3683 760 3752 apres
772 3679 810 3734 lui
823 3681 927 3755 qu'une
940 3679 994 3736 fille
1005 3699 1040 3735 eu
1052 3680 1100 3734 bas
1110 3679 1178 3751 dge,
1192 3696 1271 3755 nom·

207 3771 267 3823 mee
279 3768 452 3836 constance,
466 3780 496 3824 et
509 3787 539 3823 aa
550 3788 634 3825 renue
647 3769 726 3835 Alia,
741 3769 791 3843 qui
806 3786 841 3825 ne
850 3770 947 3841 rougit
961 3787 1009 3842 pas
1022 3767 1058 3824 de
1071 3767 1198 3823 mendier
1210 3760 1270 3823 t‘at-
1339 3789 1341 3793 ·

207 3853 297 3912 liance
308 3856 348 3913 dn
360 3856 428 3912 chef
436 3857 593 3912 Ismaelien.
771 3847 775 3853 ’

239 3945 281 4016 (4)
299 3944 377 4000 Nous
394 3944 593 4018 retrogradum
610 3945 646 4000 ici
660 3946 792 4020 jusqn’en
811 3949 897 4018 4423,
916 3955 945 4002 et
963 3965 1000 4001 au
1015 3947 1101 4020 regne
1120 3943 1155 3999 de
1172 3940 1268 4006 Batai,

210 4048 295 4088 neren
308 4043 338 4089 et
357 4050 518 4089 mccesseur
537 4033 676 4108 d’Ylgazy.
687 4035 758 4090 -A
773 4035 882 4091 Baldac
900 4035 1053 4092 substituet
1064 4029 1203 4106 uagatum
1216 4030 1273 4085 ott

213 4119 343 4189 Marthae,
360 4122 500 4196 Maubeg,
515 4122 691 4195 l'llierapolis
705 4122 754 4178 der
769 4125 865 4181 Grecs.
879 4154 914 4167 -
926 4122 1048 4178 Jorcelin
1062 4120 1089 4175 11
1102 4119 1137 4175 de
1150 4118 1269 4175 Contu·
