2888 4934
147 441 256 516 [nn]
514 435 631 496 tinae
653 434 840 496 narinus.
1188 437 1208 496 s

148 568 284 654 Quinto
294 582 414 639 autem
425 590 522 639 anno
532 568 631 662 regui
642 568 694 638 sui
704 568 734 662 (l
745 567 865 664 ),cum
876 591 948 637 xxx
958 564 1114 637 millibus
1124 564 1213 637 mili·

150 698 226 753 tum
243 697 278 755 et
295 684 431 780 ingenti
447 683 675 754 multitudine
692 681 866 781 pediturn,
886 685 1037 753 Romam
1054 681 1208 772 obsedit,

149 799 332 895 pactisque
355 797 624 871 conditionibus
647 822 668 870 a
688 797 857 870 Romanis
877 813 1061 897 susceptus
1081 797 1150 896 (2),
1173 798 1210 869 in

149 913 331 985 basilicam
348 914 461 986 sancti
477 915 571 987 Petri
586 914 740 1013 apostoli
756 913 917 1003 intravit,
933 929 969 986 et
986 915 1023 986 in
1040 913 1213 989 cathedra

151 1029 336 1128 imperiali,
352 1029 452 1125 jussu
471 1033 587 1131 Papae,
604 1030 746 1105 resedit.
764 1033 847 1104 Mox
860 1029 1063 1127 Apostolico
1075 1045 1115 1103 ut
1127 1032 1212 1105 mis·

149 1169 225 1216 sam
243 1159 401 1232 caueret,
421 1147 599 1244 praecepit.
619 1145 688 1218 Sed
707 1148 794 1245 ipse,
808 1144 877 1217 nisi
889 1161 1044 1242 quatuor
1055 1147 1215 1244 Optima-

151 1278 203 1333 tes
220 1263 380 1357 Augusti,
398 1286 491 1360 quos
502 1263 716 1335 nominatim
732 1261 1214 1360 anathematizaverat,egre·

151 1377 334 1466 darentur,
355 1377 483 1449 noluit.
503 1382 616 1450 lratus
633 1403 719 1476 ergo
741 1383 951 1478 Imperator,
977 1381 1110 1477 Papam
1132 1387 1215 1450 aute

151 1493 262 1565 altare
294 1494 555 1594 comprehendi
584 1495 785 1595 imperavit.
814 1495 980 1568 Protinus
1009 1495 1057 1568 de
1087 1492 1216 1567 satelli·

151 1609 246 1682 tibus
265 1612 411 1683 Caesaris
429 1636 521 1683 rinus
539 1611 750 1685 Pontificem
772 1613 940 1711 arripuit3
962 1611 1025 1684 sed
1044 1607 1216 1683 audacior

152 1727 305 1815 catoris,
324 1727 482 1799 imitator
500 1727 656 1800 Simonis
673 1728 769 1801 Petri
786 1725 945 1824 gladium
961 1726 1109 1815 exemit,
1127 1725 1217 1797 vali·

152 1839 304 1937 aliusque
331 1842 533 1915 invasorem
559 1846 682 1941 Papae,
709 1856 746 1915 et
773 1842 929 1915 atrocius
958 1861 1068 1941 quam
1090 1845 1215 1914 Petrus

151 1955 350 2049 Malchum,
366 1958 556 2056 percussit,
576 1973 612 2030 et
630 1956 765 2031 ibidem
782 1973 930 2057 repente
946 1981 1021 2029 uno
1042 1957 1116 2029 ictu
1134 1979 1216 2029 exa·

151 2071 312 2143 nimavit.
338 2076 467 2170 lugens
488 2074 594 2170 igitur
613 2074 650 2144 in
674 2071 765 2145 urbe
785 2070 826 2146 fit
840 2070 1078 2172 perturbatio,
1105 2086 1142 2142 et
1169 2068 1215 2143 ab

153 2200 302 2283 utraque
329 2205 428 2287 parte
452 2213 542 2261 saeva
566 2189 807 2279 concertatio,
833 2203 869 2260 et
892 2189 929 2259 in
949 2188 1058 2276 sacris
1079 2186 1215 2260 aedibus

151 2295 288 2397 absque
310 2304 508 2375 reverentia
529 2302 710 2400 sanguinis
727 2302 866 2377 effusio.
889 2306 972 2375 Duo
994 2300 1103 2374 millia
1118 2306 1215 2374 Nor-

152 2438 370 2491 mannorum
388 2419 434 2493 de
454 2418 580 2518 Apulia
598 2421 767 2494 Romanis
784 2421 967 2521 suppetias
980 2417 1213 2493 advenerant.

151 2529 207 2601 llli
222 2557 307 2605 cum
324 2537 432 2609 Latiis
447 2551 482 2608 et
499 2535 696 2623 Quiritibus
712 2537 785 2609 cito
804 2537 935 2634 egressi
952 2534 1049 2626 suut,
1072 2551 1109 2607 et
1122 2532 1214 2605 mul·

153 2646 345 2723 titudinem
363 2651 663 2742 alemannorum,
682 2652 905 2751 aliarumque
924 2652 1084 2750 gentium
1108 2649 1215 2720 truci·

154 2759 343 2855 daverunt,
362 2766 424 2862 qui
436 2766 513 2862 jam
530 2768 568 2838 in
585 2769 695 2840 veteri
712 2768 801 2839 urbe
818 2783 916 2840 trans
932 2765 1087 2838 Tiberim
1102 2765 1217 2836 securi

153 2872 322 2975 hospitati
340 2878 493 2953 fuerant.
514 2886 709 2980 Augustum
725 2908 810 2955 vero
830 2907 915 2953 cum
934 2881 1007 2953 suis
1028 2878 1216 2951 clientibus

153 2989 201 3063 de
218 2993 307 3066 urbe
323 3011 376 3068 ter
391 2996 616 3095 expulerunt.
635 2983 805 3070 Vinctum
827 3012 946 3069 tamen
965 3001 1112 3096 Papam,
1131 2995 1217 3093 quia

154 3107 272 3182 oculis
302 3136 429 3186 eorum
455 3114 598 3187 abditus
628 3115 741 3189 fuerat
753 3170 765 3206 ,
797 3114 933 3215 eripere
963 3113 1214 3212 nequiverunt.

155 3227 313 3300 Conatus
332 3244 387 3303 est
401 3235 600 3330 Imperator
617 3256 681 3330 per
697 3230 853 3304 mediam
869 3231 997 3305 urbem
1016 3233 1053 3302 in
1069 3234 1219 3329 Campa·

154 3345 255 3416 niam
268 3369 352 3420 cum
367 3350 523 3423 exercitu
539 3374 605 3422 suo
620 3349 796 3423 violenter
816 3350 986 3440 transire;
1005 3347 1069 3421 sed
1087 3348 1219 3420 virtute

156 3458 282 3534 bellica
306 3487 391 3535 cum
417 3465 595 3539 dedecore
616 3466 823 3566 compulsus
849 3479 902 3539 est
928 3464 1014 3537 alias
1035 3462 1133 3535 abire
1145 3513 1155 3550 ,
1185 3477 1221 3535 et

156 3601 224 3675 pro
254 3579 501 3656 intersectione
532 3581 757 3675 multorum,
793 3607 885 3683 quos
914 3581 961 3654 de
991 3582 1115 3654 cuneis
1144 3580 1221 3677 ejus

159 3931 229 3969 nous
239 3916 331 3989 parait
343 3917 403 3973 titre
414 3918 525 3974 celui-ci
540 3943 545 3974 :
557 3919 689 3994 Fecitque
701 3921 806 3975 mulum
819 3923 848 3973 in
861 3926 1011 3991 conspectu
1022 3917 1144 3984 Domini,
1154 3916 1225 3970 sicut

150 4001 266 4075 ficerat
279 4006 442 4072 Manasser,
455 4018 538 4080 pater
550 4028 629 4066 suus.
644 4009 687 4073 11,
701 4026 780 4076 xxur,
796 4012 842 4068 22.

196 4093 236 4165 (l)
255 4094 343 4150 Heuri
358 4095 398 4168 V,
411 4096 566 4170 Empereur
580 4096 750 4155 d’Occident
762 4098 790 4168 (t
803 4096 870 4152 aotit
882 4098 1003 4155 nobil
1020 4094 1073 4150 mai
1088 4095 1180 4164 ilii).
1247 4143 1249 4148 ,

196 4181 237 4252 42)
250 4181 438 4258 L’Empereur
447 4196 526 4241 entra
541 4186 610 4241 dans
624 4185 715 4242 Rome
727 4185 754 4242 le
765 4188 800 4245 42
813 4185 915 4241 levrier
929 4188 1012 4241 4444.
