2888 4934
193 424 277 499 [nov.
296 421 387 498 1120]
519 417 635 478 arasa
657 414 925 478 nuonacruus.
1188 414 1249 475 ⁴15

194 573 216 621 a
246 549 353 621 ternis
381 548 612 646 piscatoribus
643 548 750 621 faselo
780 560 964 644 receptus,
991 559 1121 616 terram
1152 546 1249 618 solus

195 666 319 760 attigit.
335 665 472 737 Deinde
488 666 745 763 aliquantulum
758 664 982 750 refocillatus,
999 663 1125 734 seriem
1142 664 1249 735 tristis

194 793 344 851 eventus
355 781 494 851 curiose
507 779 764 853 sciscitantibus
773 779 982 864 enucleavit,
998 791 1035 849 et
1045 778 1249 875 postea-lere

195 918 245 962 xx
259 893 363 964 annis
379 917 462 964 cum
478 894 654 966 alacritate
672 894 766 964 vixit.

245 1009 428 1105 Rogerius,
439 1009 723 1082 Constaucieusis
734 1006 998 1105 episcopus(l)‚
1007 1005 1247 1096 Guillelmum,

195 1121 309 1194 lilium
323 1148 441 1214 suum,
455 1149 563 1220 quem
577 1149 637 1195 rex
652 1146 764 1194 unum
776 1147 817 1193 ex
830 1134 984 1217 quatuor
996 1120 1251 1220 principalibus

195 1237 386 1334 capellanis
402 1237 477 1333 jam
500 1239 572 1308 suis
592 1237 772 1328 effecerat,
796 1237 939 1309 fratrem
960 1260 1105 1333 quoque
1124 1262 1248 1327 suum,

194 1342 232 1423 et
247 1365 317 1422 tres
331 1352 490 1448 egregios
507 1365 656 1450 nepotes
672 1351 719 1424 ad
735 1351 939 1424 damnatam
951 1349 1089 1448 judicio
1105 1353 1170 1423 Dei
1187 1376 1250 1423 na·

195 1487 278 1536 vem
298 1465 534 1552 conduxerat,
554 1467 720 1564 ipsosque
742 1481 778 1539 et
800 1480 983 1539 consortes
1004 1490 1145 1559 eorum,
1170 1466 1251 1538 licet

194 1582 513 1681 floccipenderent,
541 1585 735 1683 pontificali
760 1610 860 1656 more
884 1582 1124 1657 benedixerat.
1151 1589 1248 1683 lpse,

192 1698 324 1796 aliique
332 1700 433 1773 multi
446 1702 507 1799 qui
519 1700 636 1774 adhuc
651 1701 756 1774 simul
769 1703 807 1773 in
819 1701 938 1779 littore
954 1700 1107 1791 stabant,
1123 1715 1159 1774 et
1173 1725 1247 1792 rex,

192 1814 353 1909 sociique
369 1815 462 1910 ejus,
481 1816 543 1911 qui
555 1815 683 1912 jamin
701 1814 790 1886 freto
807 1814 960 1912 elongati
976 1814 1133 1906 fueraut,
1150 1817 1250 1887 terri·

192 1925 303 2000 bilem
329 1928 617 2002 vociferationem
646 1929 920 2027 periclitantium
948 1929 1161 2019 audierunt;
1187 1930 1250 2002 sed

191 2066 336 2115 causam
349 2067 462 2140 usque
476 2045 513 2115 in
527 2045 720 2116 crastinum
732 2045 947 2142 ignorantes,
965 2044 1083 2116 mirati
1099 2059 1195 2136 sunt,
1213 2061 1250 2118 et

190 2155 277 2228 inde
293 2170 418 2228 mutuo
433 2158 906 2253 indagantestractaverunt.

208 2344 211 2349 .
240 2270 414 2366 Lugubris
423 2296 560 2363 rumor,
574 2297 711 2372 perora
726 2272 822 2369 vulgi
833 2272 904 2344 cito
914 2273 1078 2363 volitans,
1092 2275 1129 2346 in
1143 2276 1249 2348 mari-

191 2385 285 2457 timis
298 2385 474 2461 littoribus
486 2389 685 2487 perstrepit,
699 2405 746 2459 ‘ac
761 2386 808 2460 ad
820 2388 984 2460 notitiam
999 2388 1170 2461 Tedbaldi
1185 2414 1248 2462 co·

190 2500 286 2571 mitis
308 2500 382 2597 (2),
402 2502 627 2600 aliorumque
646 2527 837 2601 procerum
855 2503 1053 2575 ardicorum
1071 2507 1244 2603 pervenit.

190 2617 261 2691 Sed
276 2619 313 2690 in
331 2619 391 2692 illa
405 2619 463 2693 die
479 2619 630 2692 sollicito
646 2622 738 2718 regi,
762 2620 985 2718 multumque
1004 2622 1248 2718 percunctanti

190 2734 361 2806 nunciare
383 2760 488 2806 nemo
507 2735 741 2833 praesumpsit.
763 2736 960 2831 Optimates
981 2759 1067 2806 vero
1086 2759 1247 2806 seorsum

190 2846 345 2920 ubertim
360 2848 562 2948 plorabant,
580 2873 681 2921 caros
698 2862 863 2946 parentes
877 2862 912 2920 et
930 2848 1063 2920 amicos
1079 2850 1247 2920 inconso-

189 2961 342 3036 labiliter
361 2964 549 3060 lugebant3
573 2962 636 3035 sed
655 2977 737 3034 ante
759 2988 894 3061 regem,
918 2989 964 3035 ne
983 2964 1119 3036 doloris
1142 2989 1248 3037 causa

189 3077 413 3175 proderetur,
425 3082 481 3150 vix
492 3079 665 3176 lacrymas
673 3078 903 3151 cohibebant.
916 3077 1074 3152 Tandem
1085 3083 1246 3176 sequenti

189 3191 263 3284 die,
277 3193 418 3267 solertia
430 3194 600 3267 Tedbaldi
615 3197 767 3284 comitis,
781 3219 871 3294 puer
883 3195 972 3267 flens
980 3194 1026 3266 ad
1036 3194 1145 3293 pedes
1156 3197 1247 3293 regis

189 3309 341 3398 corruit3
359 3333 468 3407 aquo
486 3334 546 3382 rex
558 3311 783 3407 naufragium
798 3309 1087 3402 Candida-Navis
1103 3334 1245 3384 causam

187 3445 265 3493 esse
287 3422 402 3495 luctus
423 3424 581 3497 edidicit.
605 3427 694 3515 Qui,
720 3425 829 3497 nimia
850 3448 933 3496 mox
958 3425 1068 3497 animi
1087 3428 1246 3523 angrrstia

186 3552 385 3637 correptus,
401 3539 447 3611 ad
462 3554 591 3612 terram
602 3540 748 3631 cecidit;
768 3539 831 3612 sed
846 3540 892 3613 ab
912 3540 1033 3612 amicis
1044 3539 1246 3614 sublevatus

188 3652 278 3723 etin
299 3653 497 3726 conclavim
515 3656 660 3745 ductus,
682 3679 824 3728 amaros
845 3656 1007 3754 planctus
1022 3655 1145 3728 edidit.
1165 3661 1243 3729 Non

187 3765 298 3838 Jacob
308 3768 354 3840 de
363 3771 551 3842 amissione
560 3769 692 3868 loseph
700 3771 832 3842 tristior
841 3771 966 3861 extitit,
979 3795 1045 3843 nec
1054 3771 1170 3843 David
1177 3795 1245 3868 pro

222 4045 261 4113 (l)
280 4044 383 4117 linger,
397 4049 500 4121 eaeque
512 4047 547 4102 de
558 4048 713 4104 Coutauoes
726 4049 938 4120 (llll-octobre
950 4051 1040 4119 4423).

224 4131 264 4202 (2)
282 4133 428 4214 'arabena
443 4147 533 4190 comte
545 4135 580 4191 ‹le
593 4136 675 4194 Blois.
