2888 4934
188 469 297 547 [1123]
512 465 630 528 LIBER
650 465 917 530 ouonsscttttta
1180 468 1239 532 435

189 614 349 692 suerunt,
367 614 402 671 et
414 600 450 670 in
465 598 535 671 boc
550 599 738 697 Apostolos
750 598 875 671 imitati
886 613 981 689 sunt,
1001 600 1063 696 qui
1074 600 1243 674 Mathiam

190 708 343 787 Parium
358 714 424 784 Dei
436 715 491 811 (1)
505 713 552 786 ad
568 712 822 811 complendum
840 711 1099 785 duodenarium
1116 739 1242 787 nume·

190 856 285 920 rum,
295 830 358 927 qui
365 844 519 901 sacratus
526 828 720 919 est,divino
729 842 817 900 nutu
825 828 936 900 sortiti
943 844 1036 900 sunt.
1044 830 1241 927 Supradicti

190 958 310 1017 autem
325 943 399 1015 duo
421 968 523 1016 senes
542 943 691 1015 electum
714 943 856 1015 fratrem
879 943 1050 1037 Jobanni,
1074 945 1242 1042 episcopo

189 1058 407 1150 lexoviensi,
424 1059 525 1155 jussu
538 1072 733 1130 conventus
751 1057 998 1150 exhibuerunt,
1018 1073 1149 1131 etcum
1168 1058 1245 1155 ejus

189 1173 332 1246 licentia
346 1198 444 1245 mare
457 1175 550 1264 inter
561 1171 687 1244 hiemis
701 1172 831 1270 frigora
846 1188 882 1245 et
898 1186 1119 1272 tempestates
1135 1186 1245 1244 trans-

189 1287 417 1379 fretaverunt,
431 1314 634 1386 regemque,
650 1289 714 1386 qui
727 1286 1142 1386 Nordanbymbriam,(2)
1159 1301 1244 1360 tunc

189 1403 438 1503 perlustrabat,
457 1405 656 1503 perlonga,
674 1404 860 1503 lutosaque
876 1404 1003 1476 itinera
1014 1405 1241 1503 quaesierunt,

189 1543 345 1615 eumque
357 1519 394 1590 in
410 1520 593 1592 festivitate
604 1521 716 1591 sancti
729 1520 877 1611 Nicolai,
896 1520 1106 1592 Mirreornm
1119 1543 1246 1619 praesu·

191 1635 246 1726 lis,
260 1634 453 1707 Eboracbae
462 1650 671 1733 repererunt
682 1635 746 1731 (3).
760 1640 870 1706 Porro
880 1633 1022 1708 illustris
1031 1660 1105 1724 rex,
1118 1635 1246 1706 auditis

190 1773 269 1845 quae
286 1748 440 1821 fecerant
456 1750 637 1842 monachi,
653 1748 865 1822 electionem
879 1749 1066 1839 concessit,
1087 1763 1123 1820 et
1133 1750 1246 1821 electo

189 1863 289 1935 fratri
313 1890 377 1963 per
400 1865 589 1937 consitium
610 1866 780 1956 Turstini,
811 1864 1043 1936 Eboracensis
1072 1863 1246 1962 archiepi-

189 1979 289 2078 scopi
302 1979 368 2076 (4),
385 1980 564 2053 abbatiam
576 1980 736 2070 donavit,
754 1992 938 2052 attestante
951 1978 1152 2077 Stephano,
1163 1984 1247 2053 Car·

190 2098 328 2167 notensi
350 2097 496 2190 abbate,
522 2099 584 2194 qui
609 2096 842 2195 postmodum
863 2093 1065 2167 Patriarcba
1088 2094 1155 2166 suit
1173 2095 1243 2192 (5).

189 2212 327 2282 Deinde
344 2237 403 2283 rex
421 2237 546 2283 omnes
562 2212 775 2283 monasticas
791 2236 846 2284 res
862 2227 899 2282 et
915 2209 1103 2306 dignitates
1119 2233 1162 2282 ac
1177 2209 1247 2308 pri·

190 2326 328 2421 vilegia,
348 2352 426 2425 quae
441 2327 718 2426 praedecessores
730 2328 785 2399 sui
799 2327 970 2399 hactenus
983 2325 1196 2415 habuerant,
1214 2328 1247 2398 ei

189 2444 376 2535 concessit,
391 2459 427 2514 et
435 2458 569 2516 cartam
578 2442 798 2540 hujusmodi,
814 2430 928 2539 sigillo
939 2439 1047 2536 regali
1059 2442 1245 2537 signatam,

189 2571 314 2628 contra
328 2557 475 2629 aemulos
490 2558 649 2656 erogavit
665 2585 674 2626 z

238 2678 425 2760 Henricur,
449 2701 513 2745 rex
528 2675 744 2772 Anglorum,
768 2675 940 2760 Iohanni,
960 2676 1120 2769 episcopo
1139 2674 1248 2741 Lexo-

190 2793 315 2876 vienri,
340 2807 377 2862 et
399 2791 576 2887 Stephano
597 2793 719 2860 comiti
737 2789 928 2875 Moritolii,
954 2804 992 2858 et
1011 2783 1183 2858 liudberto
1204 2784 1247 2854 de

190 2909 297 3000 Haya
314 2904 379 3001 (6),
398 2922 435 2976 et
449 2903 610 2976 omnibus
626 2901 814 2974 baronibus
833 2918 870 2971 et
878 2899 1050 2994 fidelibus
1064 2903 1138 2972 suis
1154 2905 1247 2972 Nor·

222 3137 260 3208 (4)
280 3134 330 3189 Les
342 3136 424 3190 Actes
439 3134 488 3190 des
501 3134 619 3208 Apbtres
633 3152 667 3188 nc
683 3135 744 3189 sont
758 3152 866 3190 aucune
879 3135 1004 3190 mention
1018 3134 1092 3191 dela
1104 3134 1246 3209 qualifica-

189 3224 249 3278 tiou
262 3223 371 3278 donnes
382 3225 418 3279 ici
430 3225 445 3279 a
458 3223 537 3281 Saint
548 3223 667 3278 Mathias
681 3246 687 3276 ε
701 3221 753 3278 elie
764 3223 892 3296 Provient
902 3221 1114 3296 probablement
1123 3223 1159 3278 de
1170 3221 1247 3298 quel·

188 3329 322 3395 ques-uus
331 3311 365 3366 de
374 3330 417 3368 ces
427 3314 510 3367 ecrite
520 3312 693 3386 apocrypbes
703 3311 773 3368 dont
784 3310 804 3366 il
814 3311 903 3384 parait
914 3329 969 3386 qne
978 3310 1102 3384 l’abbaye
1111 3312 1147 3368 de
1156 3311 1245 3368 Saint-

188 3398 304 3454 Evroult
316 3400 384 3454 etait
394 3399 611 3455 abondamment
625 3416 748 3472 pourvue
760 3402 774 3453 a
785 3398 912 3472 l'epoque
923 3397 960 3453 de
973 3408 1053 3453 notre
1063 3408 1172 3454 auteur.

224 3489 265 3555 (2)
285 3488 321 3541 Le
338 3486 610 3555 Nortbumberiand,
628 3505 665 3541 ou
683 3486 834 3559 peut-titre,
853 3503 926 3559 pour
946 3484 1038 3557 parler
1054 3484 1117 3558 pins
1136 3495 1245 3541 exacte-

187 3585 266 3630 ment
278 3599 284 3628 z
297 3574 337 3629 les
350 3579 476 3630 contrees
488 3575 523 3630 de
535 3574 719 3649 l’Angleterre
731 3577 834 3630 situees
845 3592 881 3627 au
894 3574 965 3628 nord
977 3573 1012 3629 de
1024 3573 1181 3632 tttumher.

223 3664 263 3732 (3)
281 3665 306 3717 Α
317 3663 405 3729 York,
420 3663 445 3718 le
455 3664 521 3733 jour
532 3662 567 3718 de
580 3661 795 3730 snut-Nicolas,
811 3666 827 3718 6
841 3661 1000 3718 decembre.

223 3752 262 3822 (t)
284 3752 320 3805 Le
331 3752 404 3824 Pape
417 3753 488 3806 avait
500 3753 580 3823 exige
593 3753 614 3805 si
628 3752 875 3823 imperiensement
885 3751 910 3805 la
922 3751 1075 3807 rentreede
1084 3752 1202 3806 Turatin
1212 3768 1248 3804 en

188 3839 363 3911 Angleterre,
376 3858 431 3912 que
443 3840 531 3893 Henri
543 3848 572 3894 et
581 3837 772 3912 l'archeveqne
782 3837 872 3893 Raoul
884 3838 979 3894 iurent
988 3839 1094 3913 obliges
1106 3839 1141 3895 de
1152 3837 1247 3905 ceder,

188 3927 312 3998 quoique
327 3944 391 3981 avec
404 3926 548 3998 beaucoup
561 3924 596 3978 de
612 3929 800 3998 repugnance.
813 3925 839 3980 11
852 3927 895 3981 t'ut
906 3926 979 3983 donc
993 3926 1103 3982 installe
1115 3945 1151 3982 en
1165 3929 1245 3984 atat.

225 4015 264 4085 (ὃ)
282 4002 410 4080 Etienne,
427 4014 496 4068 abbe
513 4014 548 4069 de
565 4014 903 4083 Saint-Jean-en-Vallec,
919 4019 933 4070 a
950 4017 1098 4080 Chartres,
1115 4015 1246 4087 pnis'Pa-

190 4101 311 4159 triarcbe
323 4100 358 4155 de
370 4100 522 4155 tarantum
534 4120 569 4157 en
584 4105 662 4159 ⁴⁴28.
1196 4120 1199 4125 ·

223 4191 261 4260 (6)
280 4190 319 4245 Ce
331 4207 502 4262 personnage
517 4199 558 4244 est
576 4189 788 4262 probablement
803 4189 829 4246 lc
845 4191 935 4246 meme
952 4187 1059 4245 Robert
1071 4186 1107 4242 de
1124 4186 1247 4251 LaHaie
