2888 4934
92 444 216 530 [1107]
446 449 562 511 LIBER
582 450 822 514 UNDECIMUS.
1098 459 1158 521 275

88 584 214 656 nimis
231 598 409 673 metuens,
429 583 573 655 inermis
591 584 739 656 clericus
754 585 791 655 in
808 583 966 680 Angliam
983 587 1156 686 confugit,

87 716 134 773 et
154 727 179 774 a
198 728 297 799 rege,
321 704 378 773 cui
394 700 611 797 jamdudum
624 716 730 773 notus
746 700 875 792 luerat,
895 718 1076 801 susceptus
1094 704 1160 777 ho·

84 816 256 889 norific'e
287 817 386 906 satis,
415 815 578 888 exulavit.
606 820 694 888 Nam
725 815 816 887 inter
844 816 1041 915 praecipuos
1069 821 1160 917 regis

86 931 312 1029 capellanos
329 945 555 1028 computatus
574 947 642 1022 est,
666 947 772 1030 atque
794 931 839 1003 ad
855 933 983 1029 regalia
1003 935 1095 1008 inter
1112 935 1163 1009 fa·

83 1047 262 1119 miliares
278 1046 424 1119 consilia
441 1071 532 1145 saepe
549 1047 679 1119 accitus
694 1062 759 1119 est.
775 1048 950 1144 Denique,
967 1063 1004 1119 ut
1018 1049 1162 1148 praedio·

83 1177 185 1234 tum
208 1177 279 1251 est,
305 1187 373 1261 pro
394 1163 533 1233 insertis
553 1161 741 1234 virtutibus
761 1161 861 1233 illum
882 1187 942 1234 rex
964 1161 1101 1253 dilexit,
1127 1179 1164 1238 et

81 1276 284 1374 proedictae
300 1275 398 1347 urbis
414 1276 535 1349 sedern
551 1280 583 1349 ei
601 1278 786 1349 concessit.
811 1281 930 1350 Mense
951 1278 1160 1378 septembri,

81 1390 224 1482 Serio,
243 1391 445 1464 Salariensis
460 1392 632 1490 pontifex,
650 1392 850 1465 iohannem
864 1393 1007 1466 levitam
1020 1393 1164 1493 presby·

84 1521 228 1578 terum
250 1505 443 1594 ordinavit3
465 1531 572 1603 quem
594 1506 702 1605 paulo
723 1522 805 1605 post
825 1506 1032 1579 Guillelmus
1052 1508 1165 1580 archi·

85 1621 299 1718 episcopus
312 1621 518 1718 episcopum
532 1621 762 1693 consecravit.
784 1620 845 1692 llle
862 1645 947 1692 vero
964 1636 1165 1718 susceptum

84 1735 270 1832 regimen
283 1734 355 1807 fere
367 1759 474 1805 xxxiv
492 1735 594 1806 annis
605 1735 660 1833 (l)
674 1750 837 1834 potenter
852 1737 954 1824 rexit,
973 1736 1166 1834 multisque

87 1849 230 1922 modis
249 1849 431 1922 eeclesiam
455 1864 491 1920 et
513 1849 667 1940 clerum,
691 1850 828 1947 Deique
850 1849 1025 1950 populum
1047 1860 1168 1924 emen·

89 1963 239 2059 davit(
266 1964 293 2059 ).
1083 1961 1085 1966 ’

154 2078 297 2152 Eodem
304 2079 687 2178 tempore,Mauricius‚
698 2079 957 2154 Lundoniensis
965 2081 1164 2181 episcopus,

92 2193 297 2267 virbonus
313 2208 349 2266 et
360 2194 556 2292 religiosus,
571 2209 733 2266 mortuus
744 2208 797 2266 est
808 2195 881 2291 (3);
896 2197 995 2292 cujus
1006 2211 1167 2294 tempore

92 2307 256 2382 basilica
269 2310 380 2381 sancti
396 2308 495 2381 Pauli
511 2308 680 2407 apostoli,
701 2333 783 2380 curn
799 2334 927 2407 magna
938 2324 1039 2409 parte
1052 2309 1164 2400 urbis,

95 2437 339 2496 concremata
360 2437 424 2496 est.
452 2421 623 2495 Ricardus
646 2438 767 2495 autern
791 2423 837 2496 de
856 2425 1045 2516 Belmesio,
1070 2426 1165 2497 vice·

96 2563 234 2611 comes
248 2536 521 2629 Scrobesburiae,
541 2539 578 2610 in
595 2540 800 2639 episcopatu
816 2540 867 2612 illi
880 2542 1059 2631 successit,
1079 2541 1167 2613 etin

97 2654 377 2727 constructione
394 2653 543 2751 praefatae
557 2652 727 2745 basilicae,
744 2679 855 2752 quam
872 2670 1073 2728 antecessor
1094 2652 1169 2748 ejus

145 3031 188 3105 (4)
206 3030 274 3087 Ceci
286 3031 374 3104 paralt
385 3033 461 3086 avoir
472 3034 517 3086 e'te
528 3032 598 3086 e'crit
609 3034 624 3085 a
637 3049 692 3086 une
702 3032 811 3104 dpoque
821 3031 937 3086 avancee
951 3028 986 3083 de
997 3029 1077 3085 4044.

143 3120 188 3190 (2)
212 3119 292 3174 Ainsi
308 3137 362 3193 que
380 3137 450 3174 nous
466 3137 569 3174 venons
585 3117 621 3172 de
638 3118 664 3172 le
680 3117 754 3187 dire,
771 3120 840 3173 Jean
859 3118 965 3172 n'entra
983 3134 1032 3190 pas
1050 3113 1116 3171 iitot
1132 3131 1169 3170 en

101 3207 269 3280 possession
283 3206 318 3262 de
329 3206 449 3263 l'evdehe
459 3207 495 3262 de
508 3207 627 3263 Liaieur.
640 3208 680 3263 Ge
693 3225 728 3261 ne
741 3207 793 3262 dut
806 3206 959 3280 dt1·equ’an
972 3206 1042 3261 mois
1055 3204 1090 3260 de
1105 3223 1169 3279 sep·

99 3294 224 3352 tembre
242 3297 312 3352 4407
329 3296 397 3369 qu'il
415 3296 458 3351 snt
471 3294 545 3350 eleva
560 3298 576 3350 a
592 3294 619 3349 la
637 3295 754 3368 prenise
771 3314 822 3369 par
837 3295 960 3369 l’evdque
978 3293 1089 3363 Serlon,
1106 3293 1170 3366 puis

99 3386 191 3440 sacre
203 3401 255 3458 par
266 3383 427 3439 Guillanme
437 3383 635 3450 Bonae-dmm
647 3403 694 3439 car
708 3385 727 3438 il
739 3385 838 3440 n'arait
849 3402 897 3458 pas
906 3392 1112 3457 trente-quatre
1121 3397 1170 3436 ana

101 3474 285 3547 d’episcopat
296 3472 454 3548 accompfir,
468 3473 561 3548 quand
571 3474 591 3528 il
603 3484 717 3529 mourut
728 3493 765 3529 au
774 3474 845 3529 mois
857 3473 892 3528 de
905 3474 958 3527 mai
970 3473 1050 3542 4444,
1062 3487 1170 3526 comme

101 3579 185 3618 nous
196 3561 224 3616 le
235 3579 348 3616 verrons
360 3562 490 3635 ci-apres.

146 3648 190 3722 (3)
207 3649 246 3704 lae
259 3653 294 3709 26
310 3649 467 3723 septembre
481 3651 560 3706 4407.
575 3650 615 3705 Ce
629 3650 716 3722 prelat
727 3649 799 3704 avait
813 3652 860 3705 e'td
872 3648 1028 3705 chancelier
1038 3649 1073 3705 de
1085 3647 1169 3704 Guil-

101 3736 443 3812 hamele-Conquerant,
451 3749 531 3793 avant
540 3737 575 3791 de
584 3737 697 3794 devenir
705 3737 809 3812 e'vdque
820 3737 855 3793 de
865 3738 996 3793 Londres.
1009 3737 1170 3794 Guillanme

103 3827 149 3883 (le
168 3825 356 3899 Malmesbnry
371 3825 448 3900 parle
467 3844 532 3881 arec
549 3845 605 3881 une
621 3825 725 3900 grande
741 3826 907 3882 admiration
919 3826 954 3882 de
972 3826 997 3880 la
1012 3825 1170 3882 cathedrale

106 3917 292 3970 commences
307 3931 357 3985 par
373 3912 414 3968 lui
434 3937 440 3967 :
463 3915 558 3968 Tanta
572 3924 682 3986 cryptae
699 3915 816 3984 laxitas,
835 3924 915 3970 tanta
934 3918 1084 3988 superioris
1099 3911 1170 3968 adis

108 4006 271 4076 capacitas,
290 4011 320 4057 ut
335 4002 447 4057 cuilibet
458 4005 556 4076 populi
568 4003 741 4058 multitudini
751 4003 877 4059 videatur
888 4022 970 4076 posse
982 4003 1116 4080 srffcere.

155 4091 209 4146 Son
221 4090 427 4164 prdde'oesseur,
443 4093 546 4166 Hugne
560 4092 698 4160 d'Orival,
715 4092 787 4148 avait
800 4111 836 4148 eu
848 4109 962 4148 reconrs
974 4109 1036 4148 sans
1050 4089 1170 4146 nucem

19 4186 24 4195 “
118 4193 162 4232 un
172 4181 285 4253 etrange
297 4179 413 4253 procede
425 4197 497 4255 ponr
509 4199 537 4237 aa
550 4181 644 4254 guerir
655 4181 690 4236 de
702 4181 728 4239 la
740 4181 827 4254 lepre.
848 4190 852 4201 ¹
