2888 4934
189 431 250 491 268
463 425 644 486 lilSTOllll
667 424 970 488 scelestssslct.
1135 430 1237 506 [11071

188 559 374 648 vidissent,
401 570 436 628 et
458 555 732 629 immoderatum
750 558 921 647 tironem,
942 572 1088 657 stupore
1114 560 1240 632 mentis

188 699 260 773 prae
277 672 403 745 dolore
427 672 634 762 attonitum,
657 673 903 763 obsecrarent,
925 673 1084 745 dicentes
1105 699 1114 744 ε
1134 676 1241 746 Festi·

188 805 317 861 uenter
334 786 385 858 ad
401 803 479 858 tuas
494 786 649 871 cohortes
667 787 768 875 vade,
790 787 1053 888 agminibusque
1068 785 1244 861 ordinate}

188 905 301 976 hostes
312 901 511 1003 aggredere,
526 905 752 1002 flumenque
766 919 864 974 usam
878 905 1062 1002 insigniter
1074 899 1243 998 defende5

187 1017 246 1089 ille
254 1041 329 1088 non
339 1015 704 1114 adquievit,sedm0ri
717 1019 827 1114 magis
836 1042 944 1114 quam
953 1017 1088 1115 lugere,
1096 1016 1246 1089 commi·

188 1132 358 1204 litonibus
366 1132 515 1222 amissis,
527 1132 642 1230 elegit.
656 1133 713 1205 Sic
721 1132 890 1206 imberbis
899 1132 1106 1206 adolescens
1119 1144 1246 1205 contra

187 1249 395 1319 innumeros
411 1270 538 1320 manus
556 1247 700 1339 levavit,
720 1264 755 1321 et
772 1249 809 1321 in
828 1250 975 1322 nomine
992 1248 1122 1321 Christi
1138 1247 1245 1321 dimi·

188 1385 291 1452 cans,
309 1376 503 1435 extremam
520 1377 653 1434 sortem
671 1364 824 1462 suscepit
843 1365 874 1456 (l
885 1364 911 1460 ).
932 1364 1038 1435 Pauci
1055 1387 1166 1453 vero,
1183 1362 1247 1461 qui

188 1476 339 1550 evadere
371 1491 555 1576 poterant,
593 1479 820 1551 transvadato
854 1478 1053 1577 Euphrate,
1091 1476 1248 1575 collegas

188 1592 423 1690 repetierunt,
443 1591 541 1664 diros
563 1616 726 1664 rumores
745 1594 791 1665 de
812 1591 997 1665 interiecto
1018 1593 1110 1664 duce
1127 1591 1248 1664 moesti

187 1706 401 1798 retulerunt,
430 1722 466 1780 et
486 1708 650 1807 protinus
670 1733 796 1781 omnes
818 1708 864 1780 ad
884 1708 1018 1808 oppida
1040 1705 1248 1805 cunglohsti

186 1838 429 1913 secesserunt,
459 1836 641 1920 totamque
673 1824 894 1922 provinciam
922 1837 1045 1895 contra
1075 1821 1249 1899 urhunes

187 1951 331 2010 strenue
345 1939 563 2011 munierunt.
580 1938 773 2011 Balduinus
786 1954 918 2027 sutem,
936 1963 997 2010 rex
1013 1935 1249 2034 lerosolym-

188 2074 287 2141 rum,
311 2065 350 2122 ut
370 2067 522 2124 mortem
542 2053 663 2150 generi
684 2053 738 2123 sui
763 2052 918 2143 audivit,
941 2052 978 2123 in
1001 2052 1139 2148 Syriam
1163 2072 1249 2123 cum

187 2167 301 2264 copiis
312 2168 384 2238 suis
396 2183 521 2240 contra
534 2172 693 2265 Paganos
706 2168 892 2239 festinavit.
910 2172 1021 2238 Porro
1034 2190 1055 2238 a
1067 2163 1251 2237 Fidelibus

109 2296 112 2301 ’
186 2279 320 2354 ibidem
340 2298 541 2383 susceptus,
564 2285 747 2381 regionem
764 2300 877 2356 totum
894 2286 931 2356 in
949 2284 1067 2356 hostes
1086 2282 1251 2355 defense·

186 2397 257 2484 vit,
286 2411 322 2468 et
348 2397 586 2496 principatum
612 2399 805 2472 Antiochia
833 2400 895 2473 diu
927 2398 1101 2499 possedit,
1127 2397 1251 2471 donec

188 2512 336 2584 Falconi
354 2512 601 2609 hudegaviuo,
626 2517 820 2587 successori
841 2537 926 2603 suo,
946 2538 1054 2611 quern
1072 2512 1248 2587 heredem

188 2625 338 2715 lecerat,
353 2624 489 2700 dimisit
506 2627 520 2722 l
548 2625 573 2722 )
1163 2628 1189 2685 ὅ

237 2747 318 2814 Haec
345 2742 391 2814 de
417 2742 557 2815 casibus
584 2743 887 2832 Christianorum,
916 2744 978 2840 qui
1007 2766 1074 2842 pro
1103 2741 1249 2815 Christo

190 2861 272 2930 lesu
290 2859 327 2930 iu
342 2858 488 2930 Oriente
505 2857 666 2949 exulant,
690 2859 838 2947 edidici,
856 2874 892 2931 et
905 2858 1122 2957 simpliciter,
1143 2871 1186 2930 ut
1202 2854 1250 2929 ab

189 2975 245 3047 his
264 2976 326 3073 qui
351 2975 588 3048 interfuerunt
606 2976 742 3066 audivi,
768 2977 815 3049 ad
835 2977 998 3048 notitiam
1022 2989 1249 3073 posterorum

188 3092 305 3162 veraci
332 3091 413 3162 stilo
435 3091 557 3165 litteris
578 3093 766 3188 assignavi.
790 3096 892 3163 Nunc
917 3105 1034 3163 autem
1057 3088 1105 3161 ad
1126 3101 1249 3162 nostru

189 3203 367 3301 regrediar
382 3207 581 3296 reserenda,
600 3231 678 3304 quae
694 3207 919 3303 contigerunt
934 3207 970 3278 in
988 3203 1100 3294 ltalia,
1118 3200 1246 3286 Gallis,

190 3319 373 3417 Hispania,
392 3321 447 3393 uel
467 3322 605 3418 Anglia,
624 3347 685 3394 seu
704 3321 880 3394 Flandrie.

226 3541 266 3613 (l)
285 3541 362 3596 Nous
382 3560 417 3595 ne
434 3559 558 3614 pensons
574 3543 684 3597 lorrrnir
701 3540 822 3598 d’sutres
837 3542 934 3598 details
952 3560 1000 3596 sur
1016 3541 1040 3594 la
1057 3539 1163 3595 deserite
1179 3538 1249 3595 ests

191 3640 265 3684 mort
279 3629 314 3683 de
329 3629 470 3685 Boemond
482 3631 521 3699 11,
534 3649 589 3705 que
602 3650 671 3686 ceux
683 3631 732 3705 qui
745 3642 808 3686 sont
820 3632 964 3704 consignes
978 3627 1127 3694 ci-dessus,
1141 3646 1170 3701 p.
1184 3629 1247 3695 ild,

191 3728 256 3774 note
268 3720 300 3788 l,
312 3729 341 3772 et
353 3736 423 3772 nous
435 3717 538 3774 devons
550 3718 643 3774 laisser
654 3722 669 3772 l
682 3731 762 3775 notre
774 3731 875 3774 auteur
887 3719 912 3772 lu
925 3715 1138 3789 responsabilite'
1150 3715 1188 3771 de
1199 3732 1249 3770 sun

134 3844 136 3848 .
193 3808 273 3865 tecit.

225 3898 265 3968 (ἲ)
284 3894 409 3970 Foulque
419 3894 555 3967 d’Anjuu‚
570 3914 728 3951 successeur
740 3895 775 3950 de
788 3893 945 3959 Bandouin,
961 3892 1124 3947 administra
1137 3909 1175 3946 eu
1186 3889 1249 3947 edet

192 3986 217 4040 la
231 3987 407 4059 principante
420 3965 588 4039 d’hntioehe
598 3985 728 4058 jusqn’en
741 3984 823 4055 ⁴⁴37,
838 3985 947 4056 epoque
961 3985 977 4037 l
990 3980 1108 4055 laquelle
1119 3979 1140 4033 il
1152 3977 1247 4053 appele

191 4093 226 4129 cn
244 4074 345 4129 Orieut
365 4071 503 4128 Raimond
520 4071 555 4127 de
572 4073 703 4141 Poitiers,
723 4073 765 4128 fils
781 4073 866 4145 pnine
879 4071 914 4126 de
926 4069 1088 4127 Guillsume
1103 4067 1159 4135 IX,
1178 4084 1247 4140 pour

192 4162 230 4217 lui
245 4163 312 4218 inire
325 4165 442 4235 epnuser
454 4161 621 4227 Constunce,
638 4158 693 4214 fille
704 4171 732 4215 et
745 4161 880 4216 heritiere
892 4159 926 4216 dc
940 4156 1080 4214 Boemcud
1093 4157 1132 4214 ll.
