2888 4934
188 428 250 488 922
459 423 643 486 HISTORIA
666 425 971 488 Euctusttstlct.
1136 429 1236 510 [noe]

237 560 314 628 xlx
330 553 466 654 [1106].
489 557 705 644 Radbertus,
731 560 873 631 invasor
893 558 1055 631 Divensis
1075 557 1238 650 abbatiae,

188 672 420 769 interreliqua
431 672 605 771 malaquae
613 675 728 772 gessit,
738 675 1240 773 Simonisnequitiaenefarium

189 788 432 860 Judaesacinus
444 787 601 884 adjunxit
619 790 687 886 (l).
704 792 795 860 Cum
809 789 991 862 liudberto
1002 790 1095 863 duce
1108 805 1145 862 et
1158 792 1245 891 opti·

189 902 342 975 matibus
364 904 438 998 ejus
462 903 631 1001 placitum
653 903 735 976 lecit
755 903 911 995 Falesiae,
934 904 1033 1002 quod
1052 906 1103 977 eis
1126 929 1246 1002 regem

189 1045 271 1091 curn
281 1021 403 1116 paucis
412 1019 604 1092 adduceret
612 1035 771 1118 repente,
781 1035 815 1092 et
823 1023 888 1119 ipsi
900 1023 1013 1120 parati
1024 1035 1144 1094 essent
1154 1046 1247 1093 euru·

190 1135 272 1206 dem
286 1138 475 1233 suscipere.
490 1136 667 1234 Disposita
682 1138 799 1233 itaque
813 1137 1030 1234 proditione,
1047 1137 1248 1211 Rodbertus

189 1249 389 1322 Cadomum
406 1252 574 1348 perrexit,
597 1265 632 1322 et
648 1252 794 1324 invento
813 1255 887 1349 regi
904 1252 1118 1325 familiariter
1134 1252 1245 1325 dixit:

191 1368 435 1463 Municipium,
451 1366 546 1464 quod
553 1391 664 1463 supra
677 1370 803 1438 Divum
814 1367 933 1455 Ιιαὸεο,
946 1371 982 1440 si
986 1393 1123 1439 mecum
1132 1371 1249 1440 vcnt'ra

186 1482 322 1580 placet,
347 1480 409 1552 tibi
424 1481 541 1553 redde.
562 1486 724 1580 Cumque
744 1484 819 1581 regi
839 1483 908 1555 hoc
930 1483 1146 1581 placuisset:
1168 1487 1248 1554 Ma·

187 1623 316 1695 gnum,
338 1597 454 1694 inquit
468 1596 544 1688 ille,
563 1599 754 1668 exercitum
768 1597 893 1669 ducere
909 1597 1011 1669 modo
1026 1623 1166 1671 necesse
1179 1621 1250 1668 non

190 1728 252 1799 ert,
269 1714 489 1810 nestrepitus
497 1711 919 1800 multimdinisaudiatur,
934 1728 1121 1785 etconutus
1131 1727 1251 1785 noster

192 1826 416 1925 impediatur.
435 1831 537 1898 Intrat
548 1830 659 1924 pauci
671 1821 832 1898 clientuli
843 1843 942 1916 sunt,
961 1843 997 1898 et
1011 1827 1252 1924 miltipenitus

191 1941 365 2014 obediunt.
399 1945 471 2015 Rex
496 1943 601 2039 igitur
629 1957 739 2015 noctu
767 1943 937 2032 surrexit,
971 1956 1008 2015 et
1037 1955 1110 2012 tota
1143 1954 1252 2014 nocte

191 2081 275 2128 cum
291 2081 357 2129 nec
373 2053 542 2128 militibus
558 2057 745 2155 equitavit,
765 2072 801 2129 et
816 2071 1009 2155 apparente
1023 2080 1155 2128 aurora
1170 2055 1252 2128 locu

192 2173 375 2269 proximus
388 2172 556 2245 constitit.
572 2179 710 2245 luterea
720 2172 912 2244 Rainaldus
926 2171 971 2243 de
982 2167 1250 2267 Guarenna(2)‚

193 2403 324 2475 n’epousa
340 2399 365 2455 la
379 2401 518 2474 princessc
531 2420 586 2475 que
597 2402 622 2456 le
634 2403 652 2458 'l
664 2401 771 2473 janvier
783 2401 866 2466 llll,
879 2409 908 2454 et
921 2417 972 2472 par
983 2399 1157 2471 consequent
1168 2396 1252 2471 heau-

190 2509 265 2564 eoup
277 2487 339 2562 plus
354 2487 415 2544 tard
432 2506 535 2561 queue
549 2489 685 2563 l’indique
702 2497 782 2543 notre
797 2498 906 2542 auteur.
922 2487 1016 2559 Voyea
1029 2483 1179 2554 cidessue,
1194 2487 1256 2560 Μ

192 2583 271 2744 εἶδ’)
290 2669 355 2725 Ceci
372 2666 530 2741 appartient
549 2666 756 2722 visiblementir
777 2665 883 2721 l’anuee
901 2666 981 2720 1106.
1003 2663 1040 2718 Le
1061 2661 1167 2718 nouvel
1185 2660 1256 2718 abbi

193 2758 294 2813 u'arait
303 2774 350 2828 pas
357 2773 393 2811 eu
403 2765 467 2827 trop
477 2753 512 2809 de
521 2765 653 2828 quaturze
660 2773 697 2810 nu
705 2755 806 2829 quinae
817 2754 886 2808 mois
896 2770 968 2826 pour
976 2751 1050 2806 btur
1059 2767 1088 2805 sa
1096 2750 1254 2806 fortemne.

227 2846 283 2901 Par
300 2846 372 2900 suite
390 2842 425 2898 de
444 2842 676 2898 l‘anachronisme
695 2860 751 2917 que
768 2859 838 2897 nous
850 2857 953 2895 venons
972 2838 1008 2894 de
1025 2837 1160 2912 aignelet,
1176 2847 1257 2894 nuuc

194 2938 294 2985 auteur
306 2948 321 2983 a
335 2930 413 3002 patae
425 2944 489 2983 eous
500 2927 602 2983 silence
614 2927 766 2982 l‘entrevue
777 2925 812 2980 de
824 2923 1043 2996 Northarnpton,
1057 2923 1096 2977 οὐ
1108 2921 1258 3009 Robertee

191 3019 249 3091 jeta
258 3018 473 3097 eiinutilement
484 3035 537 3071 aux
547 3015 626 3090 pleds
636 3016 671 3071 de
682 3015 803 3070 l'artisan
813 3012 898 3068 deses
907 3010 1048 3066 mnlheurs
1061 3033 1068 3064 :
1080 3011 1169 3066 Anno
1178 3009 1261 3083 regni

196 3109 271 3179 regis
279 3104 394 3161 Hearici
400 3116 450 3174 vu,
464 3105 563 3160 videns
571 3104 633 3161 dux
644 3104 785 3159 liebertus
795 3099 873 3176 quod
879 3119 936 3155 non
947 3102 1036 3174 potuit
1045 3101 1108 3171 regi
1117 3100 1257 3164 rusiam

196 3213 228 3249 co
240 3193 318 3267 quod
331 3195 436 3249 viribus
450 3197 544 3266 impar
559 3203 646 3262 esset,
663 3202 690 3247 et
705 3201 853 3264 magnates
866 3191 912 3244 sui
922 3188 958 3243 ab
973 3207 1005 3243 ec
1022 3189 1212 3251 recesserunt,
1229 3184 1260 3240 in

197 3282 333 3356 Angitiam
349 3282 556 3355 transfretavit,
574 3290 602 3337 et
616 3299 702 3354 usque
718 3283 748 3334 in
760 3277 969 3349 Northampton
980 3273 1021 3330 ad
1030 3292 1124 3348 regem
1128 3273 1261 3345 fratrom

111 3385 114 3390 ·
197 3390 279 3425 suum
289 3373 373 3438 venit,
387 3369 528 3424 humiliter
538 3370 575 3424 ab
586 3389 617 3424 eo
624 3378 724 3442 petens
733 3366 928 3441 utsraternam
939 3365 1089 3419 amicitiam
1097 3370 1124 3417 et
1136 3363 1261 3436 gmtt'am

197 3458 254 3512 sibi
266 3457 379 3512 ablatas
394 3455 524 3512 redderet
542 3476 604 3512 cum
617 3476 721 3512 amare.
736 3455 824 3511 Heuri
844 3456 921 3509 eunt
937 3453 1010 3508 reste
1023 3448 1181 3519 inssexible,
1198 3446 1261 3504 dux

197 3551 287 3602 iratus
298 3549 327 3601 in
339 3546 545 3603 Nnrmunniam
555 3548 691 3618 perrexit.
706 3546 792 3617 Quem
805 3561 857 3598 rea
868 3541 964 3598 eodem
975 3559 1051 3596 anno
1061 3548 1128 3594 ante
1141 3538 1262 3611 Augus·

199 3647 257 3692 tum
269 3657 355 3693 manu
367 3636 461 3691 valida
473 3635 651 3710 sequebatur.
666 3634 772 3690 Chron.
785 3632 852 3688 Joh.
866 3631 1030 3703 Brompton.

234 3727 272 3781 Le
280 3726 346 3798 jour
358 3725 393 3781 de
405 3723 614 3798 l‘Assomptiun‚
628 3723 654 3778 le
665 3724 708 3778 rui
720 3732 750 3778 et
761 3723 834 3777 saint
842 3720 973 3777 Anselme
984 3726 1084 3774 curent
1095 3732 1152 3787 une
1164 3723 1262 3772 entre-

199 3833 252 3870 rue
266 3833 302 3869 au
314 3815 383 3882 Bec,
401 3825 430 3869 et
444 3833 492 3887 par
509 3815 681 3887 consequent
697 3830 733 3866 au
749 3820 844 3866 centre
860 3805 910 3863 des
926 3806 1002 3862 Etats
1016 3805 1051 3861 de
1066 3802 1191 3871 Robert,
1205 3802 1263 3857 etl

200 3903 248 3959 dix
260 3903 346 3958 lienes
358 3901 512 3957 seulement
523 3900 558 3956 de
571 3918 599 3954 sa
611 3899 737 3973 capitale.

236 3995 275 4065 (2)
287 3990 415 4047 Rainaud
428 3989 462 4046 de
475 3991 614 4055 Varenue,
630 3990 702 4042 frere
716 3988 751 4042 de
760 3985 922 4041 Guillanme
932 3983 961 4037 11
973 3980 1008 4035 de
1017 3980 1161 4046 Vareune,
1171 3986 1263 4032 comte

203 4081 237 4135 de
255 4081 367 4152 Surrey.
387 4078 464 4133 Nous
482 4095 595 4133 verrens
614 4085 677 4130 tout
693 4079 708 4129 i
725 4074 831 4130 l'heure
849 4091 903 4146 que
921 4089 953 4126 ce
969 4068 1083 4125 dernier
1097 4063 1264 4122 combuttait

203 4170 271 4225 dans
284 4170 322 4225 les
335 4187 419 4241 rangs
431 4169 465 4224 de
478 4167 590 4222 l'armee
602 4166 731 4238 opposee.
801 4168 804 4174 ’
