<?xml version="1.0" encoding="UTF-8"?>
<!DOCTYPE html PUBLIC "-//W3C//DTD XHTML 1.0 Transitional//EN"
    "http://www.w3.org/TR/xhtml1/DTD/xhtml1-transitional.dtd">
<html xmlns="http://www.w3.org/1999/xhtml" xml:lang="en" lang="en">
 <head>
  <title>
</title>
<meta http-equiv="Content-Type" content="text/html;charset=utf-8" />
  <meta name='ocr-system' content='tesseract 3.04.00' />
  <meta name='ocr-capabilities' content='ocr_page ocr_carea ocr_par ocr_line ocrx_word'/>
</head>
<body>
  <div class='ocr_page' id='page_1' title='image "./ordericivitalis07deligoog/ordericivitalis07deligoog_0197.png"; bbox 0 0 2888 4934; ppageno 0'>
   <div class='ocr_carea' id='block_1_1' title="bbox 189 390 1243 472">
    <p class='ocr_par' dir='ltr' id='par_1_1' title="bbox 189 390 1243 472">
     <span class='ocr_line' id='line_1_1' title="bbox 189 390 1243 472; baseline -0.006 -14"><span class='ocrx_word' id='word_1_1' title='bbox 189 398 249 462; x_wconf 74' lang='lat' dir='ltr'><strong>ist</strong></span> <span class='ocrx_word' id='word_1_2' title='bbox 462 396 646 457; x_wconf 81' lang='lat' dir='ltr'><strong>ursrouu</strong></span> <span class='ocrx_word' id='word_1_3' title='bbox 669 390 977 456; x_wconf 72' lang='lat' dir='ltr'><strong>secreuisrtcs.</strong></span> <span class='ocrx_word' id='word_1_4' title='bbox 1036 392 1243 472; x_wconf 72' lang='lat' dir='ltr'><strong>[uos-uos}</strong></span> 
     </span>
    </p>
   </div>
   <div class='ocr_carea' id='block_1_2' title="bbox 293 527 1053 1043">
    <p class='ocr_par' dir='ltr' id='par_1_2' title="bbox 293 527 1053 1043">
     <span class='ocr_line' id='line_1_2' title="bbox 293 527 912 602; baseline -0.008 -17"><span class='ocrx_word' id='word_1_5' title='bbox 293 527 403 602; x_wconf 82' lang='lat' dir='ltr'><strong>Templi</strong></span> <span class='ocrx_word' id='word_1_6' title='bbox 418 527 549 583; x_wconf 83' lang='lat' dir='ltr'><strong>fundator</strong></span> <span class='ocrx_word' id='word_1_7' title='bbox 562 529 703 601; x_wconf 72' lang='lat' dir='ltr'><strong>pinsentis</strong></span> <span class='ocrx_word' id='word_1_8' title='bbox 714 539 743 584; x_wconf 89' lang='lat' dir='ltr'><strong>et</strong></span> <span class='ocrx_word' id='word_1_9' title='bbox 754 527 912 592; x_wconf 80' lang='lat' dir='ltr'><strong>aedilicator,</strong></span> 
     </span>
     <span class='ocr_line' id='line_1_3' title="bbox 329 613 974 689; baseline -0.012 -16"><span class='ocrx_word' id='word_1_10' title='bbox 329 617 390 673; x_wconf 88' lang='lat' dir='ltr'><strong>Hoc</strong></span> <span class='ocrx_word' id='word_1_11' title='bbox 402 615 477 671; x_wconf 89' lang='lat' dir='ltr'><strong>velut</strong></span> <span class='ocrx_word' id='word_1_12' title='bbox 489 617 517 670; x_wconf 92' lang='lat' dir='ltr'><strong>in</strong></span> <span class='ocrx_word' id='word_1_13' title='bbox 533 616 648 689; x_wconf 86' lang='lat' dir='ltr'><strong>proprio</strong></span> <span class='ocrx_word' id='word_1_14' title='bbox 660 615 789 671; x_wconf 85' lang='lat' dir='ltr'><strong>conditus</strong></span> <span class='ocrx_word' id='word_1_15' title='bbox 802 625 844 673; x_wconf 83' lang='lat' dir='ltr'><strong>est</strong></span> <span class='ocrx_word' id='word_1_16' title='bbox 856 613 974 669; x_wconf 88' lang='lat' dir='ltr'><strong>tumulo.</strong></span> 
     </span>
     <span class='ocr_line' id='line_1_4' title="bbox 293 703 1053 779; baseline -0.005 -20"><span class='ocrx_word' id='word_1_17' title='bbox 293 706 350 777; x_wconf 89' lang='lat' dir='ltr'><strong>Qui</strong></span> <span class='ocrx_word' id='word_1_18' title='bbox 364 725 393 761; x_wconf 85' lang='lat' dir='ltr'><strong>so</strong></span> <span class='ocrx_word' id='word_1_19' title='bbox 407 704 599 779; x_wconf 80' lang='lat' dir='ltr'><strong>magnifieum,</strong></span> <span class='ocrx_word' id='word_1_20' title='bbox 615 707 764 779; x_wconf 85' lang='lat' dir='ltr'><strong>patriaeque</strong></span> <span class='ocrx_word' id='word_1_21' title='bbox 777 703 905 778; x_wconf 85' lang='lat' dir='ltr'><strong>probavit</strong></span> <span class='ocrx_word' id='word_1_22' title='bbox 917 703 1053 769; x_wconf 84' lang='lat' dir='ltr'><strong>anticum,</strong></span> 
     </span>
     <span class='ocr_line' id='line_1_5' title="bbox 325 792 907 866; baseline -0.009 -18"><span class='ocrx_word' id='word_1_23' title='bbox 325 794 389 848; x_wconf 87' lang='lat' dir='ltr'><strong>Dux</strong></span> <span class='ocrx_word' id='word_1_24' title='bbox 402 794 505 848; x_wconf 86' lang='lat' dir='ltr'><strong>virtute</strong></span> <span class='ocrx_word' id='word_1_25' title='bbox 517 803 629 866; x_wconf 86' lang='lat' dir='ltr'><strong>potens,</strong></span> <span class='ocrx_word' id='word_1_26' title='bbox 643 803 671 848; x_wconf 87' lang='lat' dir='ltr'><strong>et</strong></span> <span class='ocrx_word' id='word_1_27' title='bbox 686 795 789 865; x_wconf 88' lang='lat' dir='ltr'><strong>pietate</strong></span> <span class='ocrx_word' id='word_1_28' title='bbox 802 792 907 857; x_wconf 86' lang='lat' dir='ltr'><strong>nitens,</strong></span> 
     </span>
     <span class='ocr_line' id='line_1_6' title="bbox 293 880 924 955; baseline -0.014 -14"><span class='ocrx_word' id='word_1_29' title='bbox 293 882 499 955; x_wconf 79' lang='lat' dir='ltr'><strong>Religiosorum</strong></span> <span class='ocrx_word' id='word_1_30' title='bbox 511 882 560 937; x_wconf 87' lang='lat' dir='ltr'><strong>sed</strong></span> <span class='ocrx_word' id='word_1_31' title='bbox 573 880 710 955; x_wconf 71' lang='lat' dir='ltr'><strong>precipue</strong></span> <span class='ocrx_word' id='word_1_32' title='bbox 723 881 924 936; x_wconf 85' lang='lat' dir='ltr'><strong>monachorum</strong></span> 
     </span>
     <span class='ocr_line' id='line_1_7' title="bbox 327 969 894 1043; baseline -0.009 -15"><span class='ocrx_word' id='word_1_33' title='bbox 327 971 437 1038; x_wconf 88' lang='lat' dir='ltr'><strong>Cultor,</strong></span> <span class='ocrx_word' id='word_1_34' title='bbox 452 969 621 1025; x_wconf 72' lang='lat' dir='ltr'><strong>multimoda</strong></span> <span class='ocrx_word' id='word_1_35' title='bbox 637 970 745 1043; x_wconf 78' lang='lat' dir='ltr'>profuit</span> <span class='ocrx_word' id='word_1_36' title='bbox 758 969 894 1024; x_wconf 69' lang='lat' dir='ltr'><strong>Ecclesia.</strong></span> 
     </span>
    </p>
   </div>
   <div class='ocr_carea' id='block_1_3' title="bbox 186 1134 1261 3439">
    <p class='ocr_par' dir='ltr' id='par_1_3' title="bbox 186 1134 1259 3089">
     <span class='ocr_line' id='line_1_8' title="bbox 235 1134 1249 1238; baseline -0.003 -28"><span class='ocrx_word' id='word_1_37' title='bbox 235 1141 427 1213; x_wconf 88' lang='lat' dir='ltr'><strong>Strenuum</strong></span> <span class='ocrx_word' id='word_1_38' title='bbox 456 1142 575 1238; x_wconf 88' lang='lat' dir='ltr'><strong>itaque</strong></span> <span class='ocrx_word' id='word_1_39' title='bbox 604 1139 776 1213; x_wconf 89' lang='lat' dir='ltr'><strong>baronem</strong></span> <span class='ocrx_word' id='word_1_40' title='bbox 802 1140 1051 1212; x_wconf 88' lang='lat' dir='ltr'><strong>Cluniacenses</strong></span> <span class='ocrx_word' id='word_1_41' title='bbox 1080 1134 1249 1209; x_wconf 86' lang='lat' dir='ltr'><strong>monachi</strong></span> 
     </span>
     <span class='ocr_line' id='line_1_9' title="bbox 186 1252 1249 1354; baseline -0.002 -30"><span class='ocrx_word' id='word_1_42' title='bbox 186 1254 386 1327; x_wconf 86' lang='lat' dir='ltr'><strong>honorilice</strong></span> <span class='ocrx_word' id='word_1_43' title='bbox 403 1257 560 1327; x_wconf 82' lang='lat' dir='ltr'><strong>venerati</strong></span> <span class='ocrx_word' id='word_1_44' title='bbox 576 1270 672 1345; x_wconf 89' lang='lat' dir='ltr'><strong>sunt,</strong></span> <span class='ocrx_word' id='word_1_45' title='bbox 692 1270 728 1327; x_wconf 89' lang='lat' dir='ltr'><strong>et</strong></span> <span class='ocrx_word' id='word_1_46' title='bbox 744 1255 893 1327; x_wconf 84' lang='lat' dir='ltr'>assiduis</span> <span class='ocrx_word' id='word_1_47' title='bbox 909 1253 1076 1354; x_wconf 80' lang='lat' dir='ltr'>precibus</span> <span class='ocrx_word' id='word_1_48' title='bbox 1093 1252 1249 1324; x_wconf 79' lang='lat' dir='ltr'><strong>animam</strong></span> 
     </span>
     <span class='ocr_line' id='line_1_10' title="bbox 187 1365 1249 1466; baseline -0.004 -25"><span class='ocrx_word' id='word_1_49' title='bbox 187 1370 263 1466; x_wconf 88' lang='lat' dir='ltr'><strong>ejus</strong></span> <span class='ocrx_word' id='word_1_50' title='bbox 278 1371 436 1442; x_wconf 91' lang='lat' dir='ltr'><strong>Domino</strong></span> <span class='ocrx_word' id='word_1_51' title='bbox 457 1372 534 1442; x_wconf 81' lang='lat' dir='ltr'><strong>neo</strong></span> <span class='ocrx_word' id='word_1_52' title='bbox 555 1369 917 1460; x_wconf 88' lang='lat' dir='ltr'><strong>commendaverunt,</strong></span> <span class='ocrx_word' id='word_1_53' title='bbox 938 1392 1116 1441; x_wconf 82' lang='lat' dir='ltr'>memores</span> <span class='ocrx_word' id='word_1_54' title='bbox 1133 1365 1249 1438; x_wconf 91' lang='lat' dir='ltr'><strong>bene·</strong></span> 
     </span>
     <span class='ocr_line' id='line_1_11' title="bbox 187 1485 1252 1586; baseline -0.003 -30"><span class='ocrx_word' id='word_1_55' title='bbox 187 1485 351 1557; x_wconf 86' lang='lat' dir='ltr'><strong>liciorum</strong></span> <span class='ocrx_word' id='word_1_56' title='bbox 368 1512 448 1584; x_wconf 84' lang='lat' dir='ltr'><strong>quae</strong></span> <span class='ocrx_word' id='word_1_57' title='bbox 464 1485 561 1586; x_wconf 87' lang='lat' dir='ltr'><strong>apud</strong></span> <span class='ocrx_word' id='word_1_58' title='bbox 578 1486 858 1584; x_wconf 80' lang='lat' dir='ltr'><strong>Longamvillam</strong></span> <span class='ocrx_word' id='word_1_59' title='bbox 876 1488 913 1558; x_wconf 90' lang='lat' dir='ltr'><strong>in</strong></span> <span class='ocrx_word' id='word_1_60' title='bbox 931 1487 1007 1583; x_wconf 91' lang='lat' dir='ltr'><strong>ejus</strong></span> <span class='ocrx_word' id='word_1_61' title='bbox 1023 1485 1252 1580; x_wconf 76' lang='lat' dir='ltr'><strong>eleemosyna</strong></span> 
     </span>
     <span class='ocr_line' id='line_1_12' title="bbox 188 1596 1252 1702; baseline -0.003 -30"><span class='ocrx_word' id='word_1_62' title='bbox 188 1601 342 1674; x_wconf 88' lang='lat' dir='ltr'><strong>ubertim</strong></span> <span class='ocrx_word' id='word_1_63' title='bbox 359 1602 478 1702; x_wconf 87' lang='lat' dir='ltr'><strong>adepti</strong></span> <span class='ocrx_word' id='word_1_64' title='bbox 501 1617 597 1674; x_wconf 90' lang='lat' dir='ltr'><strong>sunt.</strong></span> <span class='ocrx_word' id='word_1_65' title='bbox 619 1609 733 1700; x_wconf 75' lang='lat' dir='ltr'><strong>Agnes</strong></span> <span class='ocrx_word' id='word_1_66' title='bbox 749 1628 855 1692; x_wconf 84' lang='lat' dir='ltr'><strong>vero,</strong></span> <span class='ocrx_word' id='word_1_67' title='bbox 874 1627 965 1674; x_wconf 84' lang='lat' dir='ltr'><strong>uxor</strong></span> <span class='ocrx_word' id='word_1_68' title='bbox 980 1602 1074 1698; x_wconf 89' lang='lat' dir='ltr'><strong>ejus,</strong></span> <span class='ocrx_word' id='word_1_69' title='bbox 1096 1596 1252 1672; x_wconf 82' lang='lat' dir='ltr'><strong>Anselmi</strong></span> 
     </span>
     <span class='ocr_line' id='line_1_13' title="bbox 187 1714 1252 1814; baseline -0.003 -27"><span class='ocrx_word' id='word_1_70' title='bbox 187 1714 234 1788; x_wconf 90' lang='lat' dir='ltr'><strong>de</strong></span> <span class='ocrx_word' id='word_1_71' title='bbox 264 1716 520 1789; x_wconf 89' lang='lat' dir='ltr'><strong>Ribothmonte</strong></span> <span class='ocrx_word' id='word_1_72' title='bbox 543 1718 597 1814; x_wconf 90' lang='lat' dir='ltr'><strong>(l)</strong></span> <span class='ocrx_word' id='word_1_73' title='bbox 619 1742 723 1789; x_wconf 86' lang='lat' dir='ltr'><strong>soror</strong></span> <span class='ocrx_word' id='word_1_74' title='bbox 753 1717 835 1807; x_wconf 86' lang='lat' dir='ltr'><strong>suit,</strong></span> <span class='ocrx_word' id='word_1_75' title='bbox 865 1716 1134 1812; x_wconf 83' lang='lat' dir='ltr'><strong>Galteriumque</strong></span> <span class='ocrx_word' id='word_1_76' title='bbox 1164 1736 1252 1812; x_wconf 89' lang='lat' dir='ltr'><strong>pue·</strong></span> 
     </span>
     <span class='ocr_line' id='line_1_14' title="bbox 187 1830 1254 1933; baseline -0.002 -32"><span class='ocrx_word' id='word_1_77' title='bbox 187 1855 267 1902; x_wconf 90' lang='lat' dir='ltr'><strong>rum</strong></span> <span class='ocrx_word' id='word_1_78' title='bbox 283 1832 339 1929; x_wconf 83' lang='lat'><strong>(2)</strong></span> <span class='ocrx_word' id='word_1_79' title='bbox 355 1848 437 1931; x_wconf 91' lang='lat' dir='ltr'><strong>post</strong></span> <span class='ocrx_word' id='word_1_80' title='bbox 454 1859 501 1903; x_wconf 72' lang='lat' dir='ltr'><strong>xv</strong></span> <span class='ocrx_word' id='word_1_81' title='bbox 516 1857 631 1905; x_wconf 90' lang='lat' dir='ltr'><strong>annos</strong></span> <span class='ocrx_word' id='word_1_82' title='bbox 646 1833 896 1933; x_wconf 83' lang='lat' dir='ltr'><strong>desponsionis</strong></span> <span class='ocrx_word' id='word_1_83' title='bbox 913 1856 984 1903; x_wconf 84' lang='lat' dir='ltr'><strong>suae</strong></span> <span class='ocrx_word' id='word_1_84' title='bbox 1002 1830 1131 1903; x_wconf 91' lang='lat' dir='ltr'><strong>marito</strong></span> <span class='ocrx_word' id='word_1_85' title='bbox 1147 1851 1254 1927; x_wconf 88' lang='lat' dir='ltr'><strong>pepe·</strong></span> 
     </span>
     <span class='ocr_line' id='line_1_15' title="bbox 187 1942 1255 2050; baseline -0.003 -32"><span class='ocrx_word' id='word_1_86' title='bbox 187 1949 251 2038; x_wconf 90' lang='lat' dir='ltr'><strong>rit,</strong></span> <span class='ocrx_word' id='word_1_87' title='bbox 274 1974 384 2046; x_wconf 89' lang='lat' dir='ltr'><strong>quem</strong></span> <span class='ocrx_word' id='word_1_88' title='bbox 409 1965 489 2050; x_wconf 91' lang='lat' dir='ltr'><strong>post</strong></span> <span class='ocrx_word' id='word_1_89' title='bbox 509 1967 664 2023; x_wconf 89' lang='lat' dir='ltr'><strong>mortem</strong></span> <span class='ocrx_word' id='word_1_90' title='bbox 686 1951 796 2049; x_wconf 89' lang='lat' dir='ltr'><strong>patris</strong></span> <span class='ocrx_word' id='word_1_91' title='bbox 821 1974 933 2048; x_wconf 89' lang='lat' dir='ltr'><strong>usque</strong></span> <span class='ocrx_word' id='word_1_92' title='bbox 952 1946 999 2021; x_wconf 91' lang='lat' dir='ltr'><strong>ad</strong></span> <span class='ocrx_word' id='word_1_93' title='bbox 1019 1945 1120 2017; x_wconf 89' lang='lat' dir='ltr'><strong>virile</strong></span> <span class='ocrx_word' id='word_1_94' title='bbox 1141 1942 1255 2020; x_wconf 89' lang='lat' dir='ltr'><strong>robur</strong></span> 
     </span>
     <span class='ocr_line' id='line_1_16' title="bbox 188 2054 1255 2166; baseline -0.004 -33"><span class='ocrx_word' id='word_1_95' title='bbox 188 2060 377 2166; x_wconf 80' lang='lat' dir='ltr'><strong>diligenter</strong></span> <span class='ocrx_word' id='word_1_96' title='bbox 392 2064 570 2154; x_wconf 85' lang='lat' dir='ltr'><strong>educavit,</strong></span> <span class='ocrx_word' id='word_1_97' title='bbox 586 2083 620 2137; x_wconf 93' lang='lat' dir='ltr'><strong>et</strong></span> <span class='ocrx_word' id='word_1_98' title='bbox 633 2081 823 2164; x_wconf 88' lang='lat' dir='ltr'><strong>paternum</strong></span> <span class='ocrx_word' id='word_1_99' title='bbox 843 2065 875 2137; x_wconf 89' lang='lat' dir='ltr'><strong>ei</strong></span> <span class='ocrx_word' id='word_1_100' title='bbox 891 2063 1068 2135; x_wconf 88' lang='lat' dir='ltr'><strong>honorem</strong></span> <span class='ocrx_word' id='word_1_101' title='bbox 1082 2084 1149 2159; x_wconf 92' lang='lat' dir='ltr'><strong>per</strong></span> <span class='ocrx_word' id='word_1_102' title='bbox 1165 2054 1255 2130; x_wconf 87' lang='lat' dir='ltr'><strong>mul·</strong></span> 
     </span>
     <span class='ocr_line' id='line_1_17' title="bbox 190 2170 1256 2285; baseline -0.005 -35"><span class='ocrx_word' id='word_1_103' title='bbox 190 2193 246 2250; x_wconf 90' lang='lat' dir='ltr'><strong>tos</strong></span> <span class='ocrx_word' id='word_1_104' title='bbox 258 2203 372 2251; x_wconf 88' lang='lat' dir='ltr'><strong>annos</strong></span> <span class='ocrx_word' id='word_1_105' title='bbox 384 2180 582 2279; x_wconf 80' lang='lat' dir='ltr'><strong>prudenter</strong></span> <span class='ocrx_word' id='word_1_106' title='bbox 595 2181 818 2279; x_wconf 77' lang='lat' dir='ltr'><strong>gubernavit.</strong></span> <span class='ocrx_word' id='word_1_107' title='bbox 834 2185 928 2269; x_wconf 81' lang='lat' dir='ltr'><strong>Haec,</strong></span> <span class='ocrx_word' id='word_1_108' title='bbox 949 2177 1101 2250; x_wconf 85' lang='lat' dir='ltr'><strong>leminea</strong></span> <span class='ocrx_word' id='word_1_109' title='bbox 1117 2170 1256 2285; x_wconf 87' lang='lat' dir='ltr'><strong>cupidi·</strong></span> 
     </span>
     <span class='ocr_line' id='line_1_18' title="bbox 188 2288 1258 2388; baseline -0.006 -24"><span class='ocrx_word' id='word_1_110' title='bbox 188 2294 374 2366; x_wconf 88' lang='lat' dir='ltr'><strong>tatenimis</strong></span> <span class='ocrx_word' id='word_1_111' title='bbox 382 2318 542 2385; x_wconf 86' lang='lat' dir='ltr'><strong>accensa,</strong></span> <span class='ocrx_word' id='word_1_112' title='bbox 555 2295 776 2368; x_wconf 85' lang='lat' dir='ltr'><strong>Rodbertum</strong></span> <span class='ocrx_word' id='word_1_113' title='bbox 785 2293 914 2367; x_wconf 86' lang='lat' dir='ltr'><strong>ducem</strong></span> <span class='ocrx_word' id='word_1_114' title='bbox 925 2293 1115 2381; x_wconf 89' lang='lat' dir='ltr'><strong>adamavit,</strong></span> <span class='ocrx_word' id='word_1_115' title='bbox 1125 2288 1258 2388; x_wconf 87' lang='lat' dir='ltr'><strong>ipsnin·</strong></span> 
     </span>
     <span class='ocr_line' id='line_1_19' title="bbox 189 2402 1253 2506; baseline -0.005 -26"><span class='ocrx_word' id='word_1_116' title='bbox 189 2433 261 2506; x_wconf 87' lang='lat' dir='ltr'><strong>que</strong></span> <span class='ocrx_word' id='word_1_117' title='bbox 288 2409 468 2482; x_wconf 88' lang='lat' dir='ltr'><strong>insidiosis</strong></span> <span class='ocrx_word' id='word_1_118' title='bbox 493 2410 627 2483; x_wconf 91' lang='lat' dir='ltr'><strong>retibus</strong></span> <span class='ocrx_word' id='word_1_119' title='bbox 657 2411 789 2484; x_wconf 88' lang='lat' dir='ltr'><strong>amoris</strong></span> <span class='ocrx_word' id='word_1_120' title='bbox 811 2410 932 2481; x_wconf 90' lang='lat' dir='ltr'><strong>illicite</strong></span> <span class='ocrx_word' id='word_1_121' title='bbox 961 2409 1103 2480; x_wconf 87' lang='lat' dir='ltr'><strong>sibimet</strong></span> <span class='ocrx_word' id='word_1_122' title='bbox 1128 2402 1253 2478; x_wconf 83' lang='lat' dir='ltr'><strong>illexit.</strong></span> 
     </span>
     <span class='ocr_line' id='line_1_20' title="bbox 189 2524 1258 2626; baseline -0.004 -30"><span class='ocrx_word' id='word_1_123' title='bbox 189 2524 299 2598; x_wconf 80' lang='lat' dir='ltr'><strong>Multa</strong></span> <span class='ocrx_word' id='word_1_124' title='bbox 316 2528 366 2617; x_wconf 89' lang='lat' dir='ltr'><strong>ei,</strong></span> <span class='ocrx_word' id='word_1_125' title='bbox 387 2552 453 2625; x_wconf 91' lang='lat' dir='ltr'><strong>per</strong></span> <span class='ocrx_word' id='word_1_126' title='bbox 469 2552 506 2598; x_wconf 88' lang='lat' dir='ltr'><strong>se</strong></span> <span class='ocrx_word' id='word_1_127' title='bbox 525 2543 559 2600; x_wconf 90' lang='lat' dir='ltr'><strong>et</strong></span> <span class='ocrx_word' id='word_1_128' title='bbox 578 2552 641 2626; x_wconf 85' lang='lat' dir='ltr'><strong>per</strong></span> <span class='ocrx_word' id='word_1_129' title='bbox 655 2541 819 2626; x_wconf 90' lang='lat' dir='ltr'><strong>potentes</strong></span> <span class='ocrx_word' id='word_1_130' title='bbox 832 2541 1004 2624; x_wconf 83' lang='lat' dir='ltr'><strong>cognatos</strong></span> <span class='ocrx_word' id='word_1_131' title='bbox 1017 2549 1113 2608; x_wconf 86' lang='lat' dir='ltr'><strong>suos,</strong></span> <span class='ocrx_word' id='word_1_132' title='bbox 1130 2534 1258 2601; x_wconf 72' lang='lat' dir='ltr'><strong>contr·</strong></span> 
     </span>
     <span class='ocr_line' id='line_1_21' title="bbox 190 2639 1259 2740; baseline -0.005 -28"><span class='ocrx_word' id='word_1_133' title='bbox 190 2666 317 2713; x_wconf 89' lang='lat' dir='ltr'><strong>omnes</strong></span> <span class='ocrx_word' id='word_1_134' title='bbox 327 2640 492 2714; x_wconf 89' lang='lat' dir='ltr'><strong>inimicos</strong></span> <span class='ocrx_word' id='word_1_135' title='bbox 503 2642 708 2739; x_wconf 89' lang='lat' dir='ltr'><strong>adjumenta</strong></span> <span class='ocrx_word' id='word_1_136' title='bbox 719 2642 896 2740; x_wconf 86' lang='lat' dir='ltr'><strong>promisit,</strong></span> <span class='ocrx_word' id='word_1_137' title='bbox 912 2640 1041 2738; x_wconf 88' lang='lat' dir='ltr'><strong>quibus</strong></span> <span class='ocrx_word' id='word_1_138' title='bbox 1053 2639 1123 2710; x_wconf 90' lang='lat' dir='ltr'><strong>cito</strong></span> <span class='ocrx_word' id='word_1_139' title='bbox 1135 2658 1259 2709; x_wconf 87' lang='lat' dir='ltr'><strong>sooor·</strong></span> 
     </span>
     <span class='ocr_line' id='line_1_22' title="bbox 190 2753 1259 2858; baseline -0.006 -28"><span class='ocrx_word' id='word_1_140' title='bbox 190 2759 275 2831; x_wconf 88' lang='lat' dir='ltr'><strong>dem</strong></span> <span class='ocrx_word' id='word_1_141' title='bbox 299 2757 346 2831; x_wconf 91' lang='lat' dir='ltr'><strong>ad</strong></span> <span class='ocrx_word' id='word_1_142' title='bbox 371 2784 587 2831; x_wconf 89' lang='lat' dir='ltr'><strong>consensum</strong></span> <span class='ocrx_word' id='word_1_143' title='bbox 613 2760 800 2858; x_wconf 78' lang='lat' dir='ltr'><strong>pertraxit,</strong></span> <span class='ocrx_word' id='word_1_144' title='bbox 831 2773 869 2829; x_wconf 93' lang='lat' dir='ltr'><strong>ut</strong></span> <span class='ocrx_word' id='word_1_145' title='bbox 895 2757 981 2829; x_wconf 90' lang='lat' dir='ltr'><strong>dum</strong></span> <span class='ocrx_word' id='word_1_146' title='bbox 1008 2781 1071 2827; x_wconf 89' lang='lat' dir='ltr'><strong>sua</strong></span> <span class='ocrx_word' id='word_1_147' title='bbox 1099 2753 1259 2850; x_wconf 83' lang='lat' dir='ltr'><strong>conjunx</strong></span> 
     </span>
     <span class='ocr_line' id='line_1_23' title="bbox 191 2873 1258 2974; baseline -0.006 -28"><span class='ocrx_word' id='word_1_148' title='bbox 191 2874 327 2965; x_wconf 89' lang='lat' dir='ltr'><strong>obiret,</strong></span> <span class='ocrx_word' id='word_1_149' title='bbox 349 2875 531 2974; x_wconf 76' lang='lat' dir='ltr'><strong>praesatam</strong></span> <span class='ocrx_word' id='word_1_150' title='bbox 554 2875 741 2947; x_wconf 89' lang='lat' dir='ltr'><strong>mulierem</strong></span> <span class='ocrx_word' id='word_1_151' title='bbox 759 2873 825 2945; x_wconf 91' lang='lat' dir='ltr'><strong>sibi</strong></span> <span class='ocrx_word' id='word_1_152' title='bbox 847 2873 1048 2973; x_wconf 89' lang='lat' dir='ltr'><strong>copularet,</strong></span> <span class='ocrx_word' id='word_1_153' title='bbox 1071 2886 1258 2969; x_wconf 87' lang='lat' dir='ltr'><strong>totamque</strong></span> 
     </span>
     <span class='ocr_line' id='line_1_24' title="bbox 192 2991 1042 3089; baseline -0.006 -26"><span class='ocrx_word' id='word_1_154' title='bbox 192 2994 449 3066; x_wconf 88' lang='lat' dir='ltr'><strong>Normanniam</strong></span> <span class='ocrx_word' id='word_1_155' title='bbox 467 2993 513 3064; x_wconf 91' lang='lat' dir='ltr'><strong>ad</strong></span> <span class='ocrx_word' id='word_1_156' title='bbox 531 2991 729 3089; x_wconf 80' lang='lat' dir='ltr'><strong>regendum</strong></span> <span class='ocrx_word' id='word_1_157' title='bbox 743 2991 775 3063; x_wconf 87' lang='lat' dir='ltr'><strong>ei</strong></span> <span class='ocrx_word' id='word_1_158' title='bbox 791 2991 1042 3062; x_wconf 88' lang='lat' dir='ltr'><strong>committeret.</strong></span> 
     </span>
    </p>

    <p class='ocr_par' dir='ltr' id='par_1_4' title="bbox 192 3100 1261 3439">
     <span class='ocr_line' id='line_1_25' title="bbox 242 3100 1257 3207; baseline -0.003 -32"><span class='ocrx_word' id='word_1_159' title='bbox 242 3110 321 3177; x_wconf 90' lang='lat' dir='ltr'><strong>Non</strong></span> <span class='ocrx_word' id='word_1_160' title='bbox 337 3108 450 3180; x_wconf 90' lang='lat' dir='ltr'><strong>multo</strong></span> <span class='ocrx_word' id='word_1_161' title='bbox 461 3124 542 3207; x_wconf 89' lang='lat' dir='ltr'><strong>post</strong></span> <span class='ocrx_word' id='word_1_162' title='bbox 555 3107 686 3205; x_wconf 90' lang='lat' dir='ltr'><strong>Sibylla</strong></span> <span class='ocrx_word' id='word_1_163' title='bbox 700 3107 892 3195; x_wconf 85' lang='lat' dir='ltr'><strong>eomitissa,</strong></span> <span class='ocrx_word' id='word_1_164' title='bbox 908 3128 1048 3177; x_wconf 88' lang='lat' dir='ltr'><strong>veneno</strong></span> <span class='ocrx_word' id='word_1_165' title='bbox 1062 3102 1207 3190; x_wconf 88' lang='lat' dir='ltr'><strong>insecta,</strong></span> <span class='ocrx_word' id='word_1_166' title='bbox 1220 3100 1257 3172; x_wconf 89' lang='lat' dir='ltr'><strong>in</strong></span> 
     </span>
     <span class='ocr_line' id='line_1_26' title="bbox 192 3217 1260 3322; baseline 0 -31"><span class='ocrx_word' id='word_1_167' title='bbox 192 3220 325 3292; x_wconf 88' lang='lat' dir='ltr'><strong>lectum</strong></span> <span class='ocrx_word' id='word_1_168' title='bbox 338 3221 483 3312; x_wconf 85' lang='lat' dir='ltr'><strong>decidit,</strong></span> <span class='ocrx_word' id='word_1_169' title='bbox 501 3241 536 3297; x_wconf 92' lang='lat' dir='ltr'><strong>et</strong></span> <span class='ocrx_word' id='word_1_170' title='bbox 545 3223 849 3320; x_wconf 84' lang='lat' dir='ltr'><strong>Quadragesimali</strong></span> <span class='ocrx_word' id='word_1_171' title='bbox 859 3237 1034 3322; x_wconf 88' lang='lat' dir='ltr'><strong>tempore,</strong></span> <span class='ocrx_word' id='word_1_172' title='bbox 1048 3217 1260 3291; x_wconf 82' lang='lat' dir='ltr'><strong>multisenm</strong></span> 
     </span>
     <span class='ocr_line' id='line_1_27' title="bbox 192 3337 1261 3439; baseline -0.001 -32"><span class='ocrx_word' id='word_1_173' title='bbox 192 3337 455 3436; x_wconf 84' lang='lat' dir='ltr'><strong>plangentibus,</strong></span> <span class='ocrx_word' id='word_1_174' title='bbox 468 3340 557 3412; x_wconf 92' lang='lat' dir='ltr'><strong>obiit</strong></span> <span class='ocrx_word' id='word_1_175' title='bbox 569 3343 638 3439; x_wconf 87' lang='lat'><strong>(3).</strong></span> <span class='ocrx_word' id='word_1_176' title='bbox 651 3339 861 3412; x_wconf 89' lang='lat' dir='ltr'><strong>Guillelmus</strong></span> <span class='ocrx_word' id='word_1_177' title='bbox 874 3353 1007 3428; x_wconf 89' lang='lat' dir='ltr'><strong>autern,</strong></span> <span class='ocrx_word' id='word_1_178' title='bbox 1025 3340 1261 3435; x_wconf 80' lang='lat' dir='ltr'><strong>Rotomagen·</strong></span> 
     </span>
    </p>
   </div>
   <div class='ocr_carea' id='block_1_4' title="bbox 200 3510 357 3522">
    <p class='ocr_par' dir='ltr' id='par_1_5' title="bbox 200 3510 357 3522">
     <span class='ocr_line' id='line_1_28' title="bbox 200 3510 357 3522; baseline -0.006 0"><span class='ocrx_word' id='word_1_179' title='bbox 200 3510 357 3522; x_wconf 53' lang='lat' dir='ltr'><strong>mou-0-</strong></span> 
     </span>
    </p>
   </div>
   <div class='ocr_carea' id='block_1_5' title="bbox 194 3588 1264 4198">
    <p class='ocr_par' dir='ltr' id='par_1_6' title="bbox 228 3588 1260 3666">
     <span class='ocr_line' id='line_1_29' title="bbox 228 3588 1260 3666; baseline -0.002 -21"><span class='ocrx_word' id='word_1_180' title='bbox 228 3593 269 3660; x_wconf 89' lang='lat' dir='ltr'><strong>(l)</strong></span> <span class='ocrx_word' id='word_1_181' title='bbox 283 3591 391 3664; x_wconf 69' lang='lat' dir='ltr'><strong>loyes,</strong></span> <span class='ocrx_word' id='word_1_182' title='bbox 408 3609 456 3647; x_wconf 86' lang='lat' dir='ltr'><strong>sur</strong></span> <span class='ocrx_word' id='word_1_183' title='bbox 471 3602 516 3648; x_wconf 82' lang='lat' dir='ltr'><strong>eet</strong></span> <span class='ocrx_word' id='word_1_184' title='bbox 533 3591 641 3647; x_wconf 88' lang='lat' dir='ltr'><strong>illustre</strong></span> <span class='ocrx_word' id='word_1_185' title='bbox 652 3604 681 3648; x_wconf 87' lang='lat' dir='ltr'><strong>et</strong></span> <span class='ocrx_word' id='word_1_186' title='bbox 698 3593 769 3648; x_wconf 84' lang='lat' dir='ltr'><strong>saint</strong></span> <span class='ocrx_word' id='word_1_187' title='bbox 786 3609 974 3666; x_wconf 79' lang='lat' dir='ltr'><strong>personuage,</strong></span> <span class='ocrx_word' id='word_1_188' title='bbox 990 3589 1143 3653; x_wconf 85' lang='lat' dir='ltr'><strong>ci·dessus‚</strong></span> <span class='ocrx_word' id='word_1_189' title='bbox 1162 3599 1187 3644; x_wconf 90' lang='lat' dir='ltr'><strong>t.</strong></span> <span class='ocrx_word' id='word_1_190' title='bbox 1200 3588 1260 3658; x_wconf 84' lang='lat' dir='ltr'><strong>m,</strong></span> 
     </span>
    </p>

    <p class='ocr_par' dir='ltr' id='par_1_7' title="bbox 195 3766 1264 4019">
     <span class='ocr_line' id='line_1_30' title="bbox 229 3766 1264 3838; baseline -0.001 -15"><span class='ocrx_word' id='word_1_191' title='bbox 229 3768 269 3838; x_wconf 78' lang='lat'><strong>(2)</strong></span> <span class='ocrx_word' id='word_1_192' title='bbox 282 3766 402 3824; x_wconf 84' lang='lat' dir='ltr'><strong>Gautier</strong></span> <span class='ocrx_word' id='word_1_193' title='bbox 413 3768 538 3836; x_wconf 82' lang='lat' dir='ltr'><strong>Gillard,</strong></span> <span class='ocrx_word' id='word_1_194' title='bbox 557 3770 698 3825; x_wconf 75' lang='lat' dir='ltr'><strong>troisieme</strong></span> <span class='ocrx_word' id='word_1_195' title='bbox 715 3769 752 3824; x_wconf 90' lang='lat' dir='ltr'><strong>dn</strong></span> <span class='ocrx_word' id='word_1_196' title='bbox 771 3787 853 3836; x_wconf 87' lang='lat' dir='ltr'><strong>nom,</strong></span> <span class='ocrx_word' id='word_1_197' title='bbox 870 3777 985 3823; x_wconf 85' lang='lat' dir='ltr'><strong>mourut</strong></span> <span class='ocrx_word' id='word_1_198' title='bbox 1000 3786 1036 3822; x_wconf 89' lang='lat' dir='ltr'><strong>en</strong></span> <span class='ocrx_word' id='word_1_199' title='bbox 1049 3769 1134 3836; x_wconf 73' lang='lat' dir='ltr'><strong>rtet,</strong></span> <span class='ocrx_word' id='word_1_200' title='bbox 1151 3767 1264 3823; x_wconf 72' lang='lat' dir='ltr'><strong>suivant</strong></span> 
     </span>
     <span class='ocr_line' id='line_1_31' title="bbox 195 3850 1263 3929; baseline -0.001 -20"><span class='ocrx_word' id='word_1_201' title='bbox 195 3853 303 3910; x_wconf 83' lang='lat' dir='ltr'><strong>llobert</strong></span> <span class='ocrx_word' id='word_1_202' title='bbox 316 3855 356 3910; x_wconf 88' lang='lat' dir='ltr'><strong>du</strong></span> <span class='ocrx_word' id='word_1_203' title='bbox 370 3856 451 3910; x_wconf 85' lang='lat' dir='ltr'><strong>Mont</strong></span> <span class='ocrx_word' id='word_1_204' title='bbox 465 3856 555 3929; x_wconf 80' lang='lat' dir='ltr'><strong>(Hist.</strong></span> <span class='ocrx_word' id='word_1_205' title='bbox 570 3857 606 3912; x_wconf 86' lang='lat' dir='ltr'><strong>de</strong></span> <span class='ocrx_word' id='word_1_206' title='bbox 621 3857 744 3920; x_wconf 81' lang='lat' dir='ltr'><strong>Frauce,</strong></span> <span class='ocrx_word' id='word_1_207' title='bbox 759 3868 780 3912; x_wconf 90' lang='lat' dir='ltr'><strong>t.</strong></span> <span class='ocrx_word' id='word_1_208' title='bbox 794 3856 880 3923; x_wconf 84' lang='lat' dir='ltr'><strong>XIII,</strong></span> <span class='ocrx_word' id='word_1_209' title='bbox 898 3875 927 3929; x_wconf 90' lang='lat' dir='ltr'><strong>p.</strong></span> <span class='ocrx_word' id='word_1_210' title='bbox 941 3859 1024 3926; x_wconf 83' lang='grc'>309),</span> <span class='ocrx_word' id='word_1_211' title='bbox 1040 3871 1102 3909; x_wconf 85' lang='lat' dir='ltr'><strong>sans</strong></span> <span class='ocrx_word' id='word_1_212' title='bbox 1115 3853 1214 3910; x_wconf 80' lang='lat' dir='ltr'><strong>laisser</strong></span> <span class='ocrx_word' id='word_1_213' title='bbox 1225 3850 1263 3908; x_wconf 81' lang='lat' dir='ltr'><strong>de</strong></span> 
     </span>
     <span class='ocr_line' id='line_1_32' title="bbox 195 3945 747 4019; baseline 0.005 -19"><span class='ocrx_word' id='word_1_214' title='bbox 195 3946 330 4019; x_wconf 76' lang='lat' dir='ltr'><strong>posterittl</strong></span> <span class='ocrx_word' id='word_1_215' title='bbox 341 3945 377 4003; x_wconf 90' lang='lat' dir='ltr'><strong>de</strong></span> <span class='ocrx_word' id='word_1_216' title='bbox 390 3964 418 4001; x_wconf 80' lang='lat' dir='ltr'><strong>sa</strong></span> <span class='ocrx_word' id='word_1_217' title='bbox 431 3945 533 4002; x_wconf 84' lang='lat' dir='ltr'><strong>lemme</strong></span> <span class='ocrx_word' id='word_1_218' title='bbox 547 3947 747 4019; x_wconf 79' lang='lat' dir='ltr'><strong>Ermengarde.</strong></span> 
     </span>
    </p>

    <p class='ocr_par' dir='ltr' id='par_1_8' title="bbox 194 4028 1263 4198">
     <span class='ocr_line' id='line_1_33' title="bbox 231 4028 1263 4108; baseline -0.009 -16"><span class='ocrx_word' id='word_1_219' title='bbox 231 4035 270 4108; x_wconf 84' lang='grc'><strong>(3)</strong></span> <span class='ocrx_word' id='word_1_220' title='bbox 289 4033 370 4090; x_wconf 85' lang='lat' dir='ltr'><strong>Cette</strong></span> <span class='ocrx_word' id='word_1_221' title='bbox 384 4035 520 4090; x_wconf 88' lang='lat' dir='ltr'><strong>duchesse</strong></span> <span class='ocrx_word' id='word_1_222' title='bbox 532 4036 616 4102; x_wconf 78' lang='lat' dir='ltr'><strong>avait,</strong></span> <span class='ocrx_word' id='word_1_223' title='bbox 632 4036 741 4091; x_wconf 82' lang='lat' dir='ltr'><strong>suivant</strong></span> <span class='ocrx_word' id='word_1_224' title='bbox 753 4036 778 4092; x_wconf 91' lang='lat' dir='ltr'><strong>le</strong></span> <span class='ocrx_word' id='word_1_225' title='bbox 791 4037 988 4091; x_wconf 84' lang='lat' dir='ltr'><strong>continuateur</strong></span> <span class='ocrx_word' id='word_1_226' title='bbox 998 4032 1033 4088; x_wconf 87' lang='lat' dir='ltr'><strong>de</strong></span> <span class='ocrx_word' id='word_1_227' title='bbox 1048 4031 1213 4087; x_wconf 83' lang='lat' dir='ltr'><strong>Guillaume</strong></span> <span class='ocrx_word' id='word_1_228' title='bbox 1224 4028 1263 4083; x_wconf 83' lang='lat' dir='ltr'><strong>de</strong></span> 
     </span>
     <span class='ocr_line' id='line_1_34' title="bbox 194 4119 1262 4198; baseline -0.007 -16"><span class='ocrx_word' id='word_1_229' title='bbox 194 4123 351 4196; x_wconf 81' lang='lat' dir='ltr'><strong>Jumidges‚</strong></span> <span class='ocrx_word' id='word_1_230' title='bbox 375 4125 519 4198; x_wconf 88' lang='lat' dir='ltr'><strong>beaucoup</strong></span> <span class='ocrx_word' id='word_1_231' title='bbox 536 4123 599 4198; x_wconf 85' lang='lat' dir='ltr'><strong>plns</strong></span> <span class='ocrx_word' id='word_1_232' title='bbox 620 4124 654 4178; x_wconf 94' lang='lat' dir='ltr'><strong>de</strong></span> <span class='ocrx_word' id='word_1_233' title='bbox 671 4124 728 4180; x_wconf 73' lang='lat' dir='ltr'><strong>tete</strong></span> <span class='ocrx_word' id='word_1_234' title='bbox 744 4135 773 4179; x_wconf 89' lang='lat' dir='ltr'><strong>et</strong></span> <span class='ocrx_word' id='word_1_235' title='bbox 787 4124 994 4198; x_wconf 81' lang='lat' dir='ltr'><strong>d’iutelligenoe</strong></span> <span class='ocrx_word' id='word_1_236' title='bbox 1013 4121 1062 4177; x_wconf 87' lang='lat' dir='ltr'><strong>des</strong></span> <span class='ocrx_word' id='word_1_237' title='bbox 1078 4119 1187 4175; x_wconf 70' lang='lat' dir='ltr'><strong>affaire·</strong></span> <span class='ocrx_word' id='word_1_238' title='bbox 1203 4135 1262 4193; x_wconf 80' lang='lat' dir='ltr'><strong>qne</strong></span> 
     </span>
    </p>
   </div>
   <div class='ocr_carea' id='block_1_6' title="bbox 0 0 1466 4934">
    <p class='ocr_par' dir='ltr' id='par_1_9' title="bbox 0 0 1466 4934">
     <span class='ocr_line' id='line_1_35' title="bbox 0 0 1466 4934; baseline 0 0"><span class='ocrx_word' id='word_1_239' title='bbox 0 0 1466 4934; x_wconf 95' lang='lat' dir='ltr'><strong> </strong></span> 
     </span>
    </p>
   </div>
  </div>
 </body>
</html>
