2888 4934
197 395 236 458 32
465 391 651 456 utstoult
671 391 976 454 Echustss'rlcs.
1044 398 1247 477 [ross-1102]

195 539 380 624 paoem‘et
400 526 621 597 securitatem
640 525 834 600 mandavit.
862 530 1085 618 sacratam,
1110 530 1246 627 inquit,

195 667 267 712 non
287 657 434 738 propter
448 641 602 739 Anglos,
627 640 691 712 sed
712 641 884 712 Hiberrws
905 667 988 740 ago,
1012 669 1076 715 nea
1091 643 1248 718 alienam

194 760 370 854 regionem
382 754 522 843 invado;
539 755 603 828 sed
614 757 750 827 insulas
766 756 1027 853 adpotestatem
1038 784 1154 830 naam
1162 787 1247 856 per·

195 875 342 942 tenentes
360 869 455 941 r'rwol
478 925 486 940 .

242 987 438 1056 Normanni
461 984 607 1056 tandem
634 998 669 1056 et
696 984 795 1082 Angli
821 986 974 1058 cadaver
1005 992 1162 1085 Hugonis
1185 990 1247 1064 diu

193 1102 421 1197 quesierunt,
442 1102 614 1199 pontique
637 1101 746 1172 fluctu
768 1116 922 1173 retracto
940 1105 999 1174 vix
1020 1105 1243 1177 invenerunt.

193 1215 330 1287 Deinde
344 1216 443 1304 illud,
459 1221 544 1287 xsu'
558 1215 616 1287 die
626 1231 706 1314 post
718 1232 870 1288 mortem
885 1218 974 1312 ejus,
988 1219 1247 1292 Scrobesburiae

193 1329 408 1419 detulerunt,
422 1346 457 1403 et
468 1332 503 1401 in
516 1330 670 1405 claustro
681 1333 941 1404 monachorum
952 1334 982 1428 (i
992 1332 1006 1428 )
1016 1359 1099 1405 cum
1113 1336 1248 1432 ingenti

191 1445 290 1518 luctu
303 1445 528 1544 sepelierunt.
542 1447 609 1517 Hic
618 1446 714 1517 solus
728 1446 775 1517 de
788 1446 867 1518 filiis
879 1447 1029 1520 Mnbiliae
1042 1465 1248 1521 mansuetus

191 1574 228 1632 et
247 1560 409 1633 amabilis
424 1561 507 1650 fuit,
528 1575 564 1633 et
579 1587 615 1632 ιν
631 1562 734 1633 annis
752 1577 832 1659 post
854 1577 1006 1634 mortem
1026 1565 1166 1658 Rogerii
1181 1589 1249 1660 pa-

192 1677 253 1747 tris
274 1678 329 1748 sui
352 1691 541 1776 paternum
567 1677 745 1749 honorem
769 1677 1052 1751 moderatissime
1074 1682 1182 1767 rexit,
1212 1695 1248 1751 et

191 1792 285 1864 ciros
302 1792 412 1864 finem
429 1791 511 1863 Julii
527 1792 658 1864 mensis
674 1792 816 1864 occidit.
1132 1777 1133 1781 ¹

239 1907 1244 2003 vlt.Quodefuncto,uobeuusuelesmensisaraterejus,

190 2023 419 2096 Guillelmum
433 2024 561 2095 Rufum
575 2024 770 2119 requisivit,
793 2025 897 2121 eique
910 2049 977 2122 pro
992 2024 1159 2097 comitatu
1178 2024 1247 2094 sra-

191 2141 253 2211 tris
269 2165 308 2211 ιιι
321 2138 435 2210 millia
444 2137 614 2211 librarum
630 2139 866 2210 sterilensium
879 2138 1056 2227 exhihuit;
1072 2154 1108 2209 et
1125 2163 1247 2210 comes
1337 2167 1348 2191 ·

189 2254 315 2343 iactus,
331 2278 397 2352 per
408 2267 562 2350 quatuor
574 2279 688 2325 annos
702 2256 870 2325 immania
884 2277 990 2352 super
999 2253 1132 2325 Guslos
1146 2279 1246 2326 exer·

190 2370 276 2441 ouit.
293 2368 474 2468 Oppidum
489 2369 534 2440 de
551 2371 716 2457 Qustfort
726 2370 782 2464 (2)
799 2369 991 2458 transtulit,
1011 2384 1046 2440 et
1060 2371 1243 2464 Bruginm,

104 2654 106 2657 ·
190 2628 286 2682 statim
296 2626 337 2680 eir
349 2640 436 2694 usque
448 2625 477 2677 r‘n
490 2625 582 2696 ipsum
595 2641 685 2693 mare,
691 2619 769 2696 forti
782 2621 909 2678 residens
925 2640 1009 2697 ιᾳιοο,
1027 2623 1152 2677 animose
1164 2623 1247 2676 nimis

110 2757 113 2760 >
187 2716 319 2781 murrii.
333 2714 376 2771 Et
388 2732 450 2768 eece
461 2715 574 2770 navium
584 2715 725 2785 princeps,
739 2715 895 2769 cui-nomen
906 2713 1043 2783 Magnus,
1055 2713 1155 2783 prima
1166 2712 1247 2771 navis

190 2807 220 2861 in
229 2821 315 2876 prora
326 2821 388 2861 oum
400 2819 469 2857 arcu
479 2809 619 2874 prostans,
637 2802 770 2872 sagittam
782 2798 887 2854 direxit
891 2818 901 2868 ‚¹
912 2807 939 2853 et
949 2817 1111 2875 quanquam
1125 2816 1214 2851 comes
1227 2816 1247 2850 a

189 2894 295 2947 vertice
306 2892 405 2964 capitis
419 2891 543 2963 usquein
556 2889 644 2943 talum
654 2887 743 2959 pedis,
755 2896 860 2960 prater
869 2887 963 2942 oculos
975 2881 1245 2958 solum,firrofide·

190 2979 255 3036 liter
266 2986 337 3033 esset
351 2976 478 3046 indutus,
493 2987 586 3032 tamen
598 2975 699 3032 dextro
711 2995 861 3050 percussus
874 2978 904 3029 in
918 2976 1030 3043 lumine,
1044 2972 1188 3046 persarum
1199 2991 1245 3027 ce·

190 3067 281 3130 rebro,
294 3069 324 3120 in
336 3084 412 3120 rnare
425 3069 529 3122 corruit
540 3065 733 3121 moribundus.
750 3066 836 3138 Quem
847 3083 910 3119 oum
919 3066 960 3118 sic
972 3071 1144 3118 corruentem
1155 3063 1247 3116 victor

189 3155 227 3211 ab
243 3156 301 3210 alto
318 3153 485 3227 despiceret,
499 3153 607 3211 draisse
622 3163 792 3209 memoratur
802 3154 901 3226 lingua
916 3151 1044 3206 Danr'cn:
1058 3151 1122 3204 Len
1132 3148 1246 3219 bonne,-

189 3242 267 3316 quod
275 3244 377 3298 Latine
389 3250 472 3295 sonat
484 3262 495 3293 .·
507 3242 572 3298 Sine
583 3243 672 3299 adire.
685 3242 723 3299 Et
733 3241 770 3296 ab
782 3241 836 3295 nac
849 3244 1027 3311 inposterum
1039 3237 1109 3293 hora
1120 3245 1246 3309 potestas

189 3332 349 3404 Anglornrn
361 3332 391 3383 t'n
404 3330 493 3384 Mona
503 3334 631 3386 cessavit.
645 3327 766 3398 (Girnid.
781 3327 906 3394 Cambr„
920 3327 940 3382 l.
954 3344 991 3395 u,
1007 3345 1031 3381 a.
1040 3323 1086 3398 7.)

224 3420 261 3474 La
274 3417 433 3474 traduction
449 3416 569 3472 litterale
585 3435 619 3472 en
633 3416 747 3490 Anglais
763 3414 911 3484 moderna,
926 3414 976 3472 des
991 3414 1065 3469 deux
1081 3421 1154 3466 mots
1170 3410 1244 3465 Nor·

188 3506 299 3580 sdgieus
312 3506 397 3580 qu’on
408 3506 484 3560 vient
498 3504 534 3559 de
544 3503 610 3573 lite,
624 3515 682 3559 est:
697 3505 750 3561 let
762 3504 819 3559 nim
833 3504 910 3577 kap!
924 3501 1056 3558 inisset-le
1067 3499 1176 3556 mter!

224 3596 263 3667 (t)
276 3594 409 3667 L’nbbaye
421 3593 455 3648 de
467 3592 658 3661 saint-Piens
669 3593 705 3648 de
716 3591 909 3666 Shrewsbury,
923 3591 1023 3648 sondde
1038 3609 1088 3664 por
1099 3606 1150 3643 son
1162 3589 1242 3661 pere,

188 3683 284 3758 Roget
302 3684 337 3739 de
353 3684 580 3758 Montgommeri.
599 3683 654 3738 Sur
670 3692 743 3738 nette
758 3682 877 3753 abbaye,
891 3698 974 3753 voyes
987 3678 1140 3744 ci-desms,
1158 3688 1181 3733 t.
1199 3677 1243 3745 ΙΙ,

188 3792 216 3846 p.
232 3774 293 3829 ut.
1069 3794 1070 3797 ¹

224 3859 262 3931 (Ξ)
281 3861 320 3915 Ce
336 3859 393 3913 lieu
407 3859 537 3933 s’appelie
551 3878 652 3915 encore
669 3859 850 3930 aujourd'hni
863 3855 1017 3927 Quatiord,
1033 3858 1048 3907 ὲ
1064 3872 1104 3907 un
1122 3850 1199 3906 mille
1216 3863 1247 3914 et

187 3945 262 4000 demi
281 3946 316 4001 de
333 3947 538 4020 Bridgenorth,
558 3947 628 4002 dont
644 3957 725 4002 notre
738 3959 839 4001 auteur
850 3965 881 4000 va
895 3944 994 4017 parler.
1012 3943 1035 3996 li
1053 3951 1094 3995 est
1112 3939 1245 4011 probabis

188 4054 243 4109 que
253 4055 284 4091 oe
292 4038 335 4091 fut
347 4055 396 4092 son
410 4037 534 4104 chitesn,
546 4036 616 4094 dont
629 4036 848 4110 l'ernpiacement
858 4037 901 4089 fut
911 4035 1019 4106 change
1029 4050 1079 4104 par
1090 4029 1196 4087 Robert
1208 4027 1244 4083 de

190 4125 321 4188 Belieme.
337 4125 393 4179 l'un
408 4125 456 4180 des
468 4128 628 4199 ingenieurs
642 4126 680 4180 ies
692 4124 754 4198 pins
766 4124 874 4178 habiles
886 4123 921 4176 de
933 4122 1070 4194 I’epoqne.
