2888 4934
293 411 358 471 202
574 404 761 466 fltstottta
782 403 1090 467 ecclesiastice.
1255 411 1360 490 [tono]

294 536 464 610 omnibus
482 534 577 626 aliis,
596 559 688 633 quos
703 534 873 608 seducere
890 548 1047 633 poterat,
1069 535 1188 632 regios
1200 535 1363 611 fautores

293 653 389 726 bello
414 676 540 748 urgere
565 665 715 724 conatus
741 665 807 723 est.
832 655 930 723 Tunc
956 649 1160 748 pestilentes
1187 650 1363 750 indigene

293 769 374 869 plus
395 789 503 864 quam
522 765 594 838 dici
622 781 759 866 potest,
784 765 918 838 efferati
939 780 1036 837 sunt.
1055 769 1138 841 Mox
1154 764 1314 838 caedibus
1328 781 1363 838 et

294 883 429 984 rapinis
463 883 685 981 provinciam
711 881 998 972 maculaverunt,
1027 882 1208 981 raptisque
1234 881 1363 982 praed‘n

294 1016 330 1074 et
346 998 553 1072 hominibus
569 998 707 1087 occbis,
727 996 858 1070 domos
875 999 1008 1095 passim
1022 1009 1359 1076 concremaverunt.

294 1115 422 1188 Coloni
434 1138 521 1187 vero
532 1139 616 1186 cum
632 1113 802 1186 uxoribus
813 1129 848 1186 et
859 1114 980 1186 liberis
991 1115 1027 1185 in
1039 1112 1170 1186 Gallias
1179 1113 1360 1211 ingerunt,
1416 1206 1418 1208 ,

295 1244 330 1303 et
346 1232 507 1327 ingentes
522 1254 698 1302 aerumnas
715 1231 752 1302 in
769 1227 873 1302 exilio
890 1229 1049 1328 perpessi
1067 1243 1162 1300 sunt.
1182 1229 1242 1300 Sic
1258 1228 1362 1300 nimi-

295 1368 375 1416 mm
393 1346 603 1435 Normanni,
622 1346 685 1442 qui
700 1370 738 1417 se
753 1345 882 1442 Anglos
899 1359 934 1416 et
950 1344 1082 1443 Apulos
1097 1344 1224 1419 vicisse
1237 1344 1275 1416 in
1291 1345 1363 1421 suis

295 1457 440 1531 sedibus
456 1459 711 1558 gloriabantur,
730 1484 828 1532 nuno
843 1459 1010 1558 lugubres
1027 1475 1063 1533 et
1080 1461 1201 1533 miseri
1217 1459 1362 1537 Gallicis

294 1576 331 1647 in
354 1577 446 1648 arvis
466 1575 678 1649 laborabant
697 1592 734 1649 et
755 1575 1056 1651 lamentabantur.
1081 1580 1121 1647 ln
1141 1576 1257 1648 hortis
1278 1598 1362 1648 vero

293 1690 379 1781 suis,
394 1693 469 1789 qui,
490 1690 628 1764 cultore
639 1707 812 1783 carentes,
833 1694 869 1763 in
884 1690 1077 1763 solitudine
1092 1689 1360 1787 redigebantur,

293 1806 420 1879 cardui
440 1822 477 1879 et
497 1809 634 1898 urticae,
658 1832 742 1880 cum
762 1808 839 1880 aliis
866 1806 1053 1883 inutilibus
1073 1806 1211 1897 herbis,
1241 1806 1363 1878 omnia

296 1921 504 2023 replebant,
523 1925 747 2023 nimiumque
764 1922 1105 2023 multiplicabantur.

343 2042 390 2107 XI
395 2092 402 2107 .
423 2042 519 2113 Inter
534 2037 610 2111 haec
623 2054 744 2111 sancta
762 2039 918 2112 Ecclesia
934 2037 1166 2110 vehementer
1181 2039 1363 2137 opprime·

294 2152 413 2243 batur,
427 2170 474 2241 et,
489 2152 578 2226 dum
591 2155 714 2228 funem
727 2155 893 2227 innocuae
903 2154 1029 2258 prolis,
1045 2152 1363 2252 irreparabilesque

294 2268 416 2340 ruinas
438 2269 639 2342 animarum
663 2271 866 2366 frequenter
894 2269 1213 2369 contemplaretur,
1241 2269 1364 2343 levatis

294 2407 378 2455 cum
399 2383 509 2455 corde
530 2385 629 2484 puris
650 2383 832 2474 manibus,
850 2410 1024 2485 sponsum
1034 2408 1165 2475 sunm,
1187 2386 1251 2484 qni
1266 2385 1363 2458 coelie

294 2498 471 2599 praesidet,
491 2498 538 2571 ad
551 2499 720 2573 auxilium
738 2500 867 2573 suimet
885 2499 1156 2598 deprecabatur.
1178 2505 1364 2598 lacryma·

296 2822 401 2897 grande
416 2825 542 2894 activite,
558 2835 589 2881 et
604 2823 689 2890 d'une
705 2825 829 2898 capacite
842 2825 915 2880 aussi
928 2823 1088 2897 distinguie
1101 2841 1159 2897 que
1176 2821 1245 2885 oolla
1261 2822 1298 2883 de
1310 2841 1363 2883 eon

295 2915 361 2986 pere
378 2915 446 2969 e'tait
458 2914 573 2983 obtuse,
590 2913 729 2991 possedait
743 2912 805 2986 deja
821 2912 846 2968 le
859 2915 952 2968 comte
967 2912 1002 2968 de
1018 2911 1225 2978 Cornonaillee,
1239 2931 1276 2967 an
1288 2911 1365 2970 droit

294 3002 330 3058 dc
341 3003 459 3058 celuioi.
471 3003 592 3079 Indigna
604 3003 643 3057 dn
654 3004 730 3058 relus
739 3001 808 3077 qu’il
818 3001 1093 3075 venaitd’epronver,
1105 3011 1133 3056 et
1146 3000 1181 3055 de
1192 2999 1217 3056 la
1229 3000 1363 3057 conlisae·

295 3092 355 3147 tion
371 3090 407 3145 do
420 3109 470 3146 son
483 3096 576 3148 comte
590 3091 626 3147 de
642 3091 848 3159 Cornouailles,
866 3091 888 3145 il
905 3109 934 3146 se
950 3092 1035 3147 retira
1051 3109 1087 3146 en
1103 3088 1293 3159 Normacdie,
1311 3091 1362 3159 oli,

296 3180 383 3255 guidi
395 3192 446 3254 par
457 3180 498 3236 les
509 3182 628 3243 conaelle
639 3181 674 3241 de
688 3199 738 3237 son
750 3180 831 3236 oncle
842 3180 951 3237 Robert
962 3179 1000 3237 de
1015 3179 1149 3247 belleme,
1164 3178 1183 3235 it
1196 3179 1295 3242 devint
1306 3178 1364 3235 l’ain

296 3269 344 3329 des
360 3269 424 3343 plus
440 3269 599 3347 danger-eux
616 3271 741 3326 ennemis
753 3270 794 3325 dn
806 3270 859 3325 roi.
874 3271 954 3326 Inter
970 3268 1045 3334 bae,
1068 3269 1250 3334 Willielmas,
1264 3267 1367 3343 conani

296 3357 441 3425 Moretoil,
461 3375 548 3411 caasa
565 3357 694 3432 perfidior
712 3358 749 3413 ab
766 3357 876 3432 Arrglia
893 3351 1091 3414 exheredatus
1106 3376 1124 3410 a
1141 3373 1207 3430 rege
1223 3355 1262 3426 (it
1276 3355 1366 3428 paralt

295 3444 364 3522 qu'il
376 3465 411 3501 ne
425 3446 468 3502 sut
480 3445 622 3519 deponille
634 3447 669 3502 de
683 3466 734 3502 son
745 3449 838 3503 comte
849 3447 933 3521 qu’en
946 3449 1015 3503 stet
1023 3450 1043 3516 )‚
1056 3449 1086 3500 in
1098 3447 1309 3502 Norrnanniam
1320 3463 1365 3499 re·

297 3534 400 3590 cedens
411 3537 493 3606 (nous
503 3552 622 3608 pensons
633 3536 701 3608 qu’il
714 3537 786 3591 avait
795 3536 859 3607 ‹leja
869 3537 961 3610 quiite
969 3533 1155 3604 l'Anglcterre
1165 3551 1225 3589 vers
1235 3534 1263 3588 la
1275 3533 1366 3588 meme

296 3626 469 3698 epoqueque
481 3641 529 3679 son
543 3623 647 3698 oncle),
656 3627 750 3679 aninlo
760 3623 896 3698 perferto,
910 3625 1043 3678 exercitio
1047 3621 1194 3695 ferventi,¹
1203 3623 1247 3674 vir
1252 3618 1366 3693 prnbr's-

297 3715 395 3782 simus,
409 3715 519 3785 regales
528 3723 635 3768 turmas
644 3733 720 3786 sape
730 3717 902 3788 inquietavit.
917 3714 956 3770 Ce
967 3714 1098 3785 seigneur
1109 3711 1181 3766 avait
1192 3710 1266 3765 aussi
1279 3709 1367 3765 beau·

297 3819 370 3875 coup
382 3800 566 3876 ‹l'antipatliie
578 3821 650 3876 poni·
661 3802 685 3857 le
694 3802 780 3874 jaune
791 3801 932 3869 Richard,
946 3810 1038 3857 comte
1050 3799 1085 3855 de
1097 3801 1226 3864 Chester‚
1241 3793 1294 3854 son
1307 3798 1367 3853 voi-

297 3892 340 3947 sin
358 3909 393 3946 en
411 3891 597 3959 normannie,
617 3910 718 3947 encore
732 3892 852 3960 minent,
871 3902 900 3947 et
916 3892 994 3966 place
1011 3909 1074 3946 sous
1091 3889 1118 3944 la
1133 3888 1230 3943 tutellc
1244 3889 1285 3943 dn
1301 3888 1365 3943 roi:

297 3981 447 4039 Nonnulla
458 3983 587 4056 partibas
599 3984 660 4057 ejas
673 3981 836 4057 appenditia
849 3985 966 4047 invasit,
983 3983 1104 4053 carpsit,
1119 3979 1237 4034 abrasit.
1254 3977 1302 4034 On
1315 3978 1368 4033 sait

299 4070 431 4144 aquettes
442 4070 599 4126 execrables
611 4082 639 4126 et
651 4073 857 4146 perseverantes
869 4072 998 4126 ornantes
1010 4068 1031 4124 il
1044 4068 1088 4123 lut
1099 4067 1203 4123 soumis
1215 4066 1296 4138 apres
1306 4064 1368 4120 etta

299 4160 394 4215 tombe
407 4170 487 4215 entre
499 4159 539 4215 les
552 4161 641 4216 mains
651 4161 688 4216 de
700 4179 730 4215 ce
742 4160 840 4232 prince
853 4162 868 4213 a
880 4159 906 4214 la
917 4159 1029 4215 bataille
1041 4156 1077 4213 de
1090 4155 1273 4213 ttnctebrai.
