2888 4934
189 399 250 461 sss
459 393 641 456 fflsrorui
664 393 965 460 sccsrsrrsrrci.
983 398 1233 479 [samono]

189 529 331 627 injuriis
354 525 609 598 exacerbastis?
631 525 697 597 Cui
718 522 926 598 Eustachius
948 523 1164 624 respondit:
1188 530 1234 598 lli

188 640 514 714 mewesnoturolir
522 637 693 710 domimo.
705 637 766 710 Ad
772 655 806 710 te
813 664 906 738 ergo,
918 637 1100 710 densim
1108 662 1232 727 meum,

190 758 287 827 renio
295 780 448 846 recurres,
461 755 640 825 servitrirm
648 777 762 825 meum
775 751 999 846 &fideliter
1007 751 1235 842 exhibiturus,

188 868 469 941 etrectimdr'nem
474 893 542 966 pro
549 866 732 956 erratibus,
741 866 931 940 seeundum
938 892 1090 939 eoonwn
1093 867 1237 965 pietatis

189 1000 266 1071 ruae,
281 1008 353 1082 per
365 981 669 1080 ommofaeturur.
689 983 800 1056 Amici
818 1008 885 1082 pro
898 1006 1031 1081 genero
1048 981 1143 1080 regis
1157 1004 1237 1080 sup·

188 1099 359 1197 plicantes
372 1098 560 1171 affuerunt.
580 1097 749 1171 Ricardus
762 1122 920 1197 quoque,
938 1097 1032 1170 filius
1048 1097 1156 1196 regis,
1174 1118 1237 1198 pro

188 1237 311 1285 sorore
327 1237 391 1285 sua
407 1211 554 1312 supplex
571 1214 726 1286 aooeoeit.
747 1212 945 1286 Clementia
963 1234 1050 1287 vero
1068 1235 1136 1285 eor
1152 1210 1238 1308 reg‘n

187 1327 234 1401 ad
250 1352 420 1425 generum
436 1342 473 1400 et
490 1326 597 1400 liliam
613 1327 800 1420 emollivit,
822 1343 857 1400 et
872 1327 1073 1426 benigniter
1088 1325 1234 1400 reflexit.

188 1442 362 1539 Mitigatus
374 1443 492 1540 itaque
504 1466 606 1514 socer
617 1467 748 1541 genero
761 1442 849 1515 dixit
862 1469 871 1514 ι
884 1441 1033 1515 sutona
1045 1454 1238 1514 remeetur

187 1558 365 1643 Porcium,
380 1573 416 1628 et
425 1572 462 1629 tu
472 1580 606 1628 niseum
617 1558 730 1629 venies
741 1561 981 1655 Rotomagmm,
999 1554 1116 1653 ibique
1127 1575 1238 1624 rreum

186 1668 308 1742 mactes
321 1670 506 1768 phcimm.
532 1675 604 1744 Neo
623 1695 724 1743 mora
740 1671 850 1768 jussio
865 1670 957 1767 regis
973 1668 1154 1767 eomplets
1171 1679 1236 1755 est,

188 1799 224 1856 et
249 1810 308 1857 rex
333 1785 523 1859 Eustochio
549 1787 599 1858 sic
625 1785 765 1858 locotus
783 1776 844 1858 ¹est
866 1811 875 1856 ε
898 1789 1050 1882 Propter
1074 1783 1239 1854 horrorem

187 1900 347 1987 Britolr'i‚
373 1927 475 2000 quem
498 1899 651 1998 Rodulfo
673 1902 832 1987 Brr'toni,
860 1915 1009 1998 eognoto
1036 1913 1115 1985 ruo,
1140 1894 1236 1985 dedi,

188 2039 290 2112 quem
308 2015 457 2107 fidelem
483 2032 518 2087 et
537 2015 784 2113 probissimum
809 2017 848 2086 in
875 2011 1135 2087 necessitanbus
1159 2012 1241 2084 meir

187 2148 311 2204 contro
329 2133 441 2205 hostes
459 2132 694 2231 comprobavi,
714 2135 753 2204 in
771 2130 904 2230 Anglio
925 2129 987 2202 ribi
1000 2155 1072 2228 per
1089 2126 1242 2228 sr‘rrgolor

187 2273 301 2318 aanor
327 2248 593 2346 recompensabo
617 2272 681 2323 ooo
708 2272 846 2320 moroor
870 2249 1020 2347 argenti.
1054 2248 1140 2317 Post
1169 2243 1241 2316 bec

188 2361 352 2460 prefatus
376 2363 483 2436 heros
507 2365 545 2436 in
571 2387 659 2462 pooe
688 2365 773 2437 retis
797 2363 856 2461 (t)
878 2378 917 2436 et
939 2362 1051 2434 muris
1078 2361 1240 2433 Paoeiom

189 2477 353 2566 munivit,
366 2476 557 2575 multoque
566 2477 696 2550 divitiis
704 2478 906 2564 abundans,
918 2475 996 2575 plus
1004 2498 1118 2573 quam
1127 2496 1241 2546 xxeo·

190 2590 245 2664 nis
267 2591 365 2662 vixit.
392 2595 501 2662 Porro
524 2590 662 2663 Juliana
685 2606 767 2690 post
787 2590 922 2689 aliquot
941 2613 1055 2662 annos
1078 2588 1240 2661 lascivam

189 2730 297 2803 quam
315 2705 463 2778 duxerat
480 2706 606 2796 vitam,
627 2706 858 2805 habitumque
877 2705 1042 2796 mutavit,
1064 2719 1102 2776 et
1119 2702 1240 2777 saneti·

190 2819 354 2893 monialis
375 2820 411 2892 in
434 2844 530 2892 novo
550 2821 670 2893 Fontis
686 2820 828 2893 Ebrsldi
849 2818 1014 2892 eoenobio
1032 2813 1147 2908 facte,
1170 2822 1239 2889 Do·

191 2939 289 3010 mino
306 2942 382 3010 Deo
400 2938 554 3010 servivit.

240 3057 341 3148 Hugo
366 3051 411 3123 de
433 3056 616 3141 Gornaco,
645 3066 680 3124 et
702 3051 901 3123 Rodbertus
921 3048 968 3121 de
989 3052 1092 3119 Novo
1111 3051 1238 3144 surgo,

112 3235 114 3237 ,
191 3166 377 3263 caeterique
396 3165 559 3257 rebelles,
583 3181 623 3239 ut
638 3165 800 3238 fortiores
816 3189 854 3237 se
874 3164 1039 3235 viderunt
1056 3160 1239 3248 defecisse,

192 3292 227 3350 et
243 3278 447 3352 fortitudine
463 3305 505 3353 ac
519 3305 624 3353 sensu
642 3303 748 3380 super
763 3302 889 3351 omnes
905 3301 1025 3376 regem
1040 3276 1239 3359 incessisse,

192 3408 373 3488 comperta
390 3396 566 3467 sociorum
587 3394 801 3485 defectione,
823 3394 1082 3492 proeteritorum
1101 3405 1242 3462 actuum

192 3505 448 3605 poenitudinem
471 3533 590 3606 egere,
610 3524 737 3581 ettam
755 3531 819 3606 per
840 3532 878 3578 se
897 3530 1004 3605 quam
1027 3528 1093 3603 per
1114 3505 1243 3576 amieos

193 3618 469 3693 misericordiam
495 3625 584 3720 regis
610 3621 847 3723 postulavere.
881 3620 1047 3692 Protinus
1075 3617 1157 3707 ille,
1186 3614 1244 3714 qui

193 3737 308 3804 Deum
325 3731 486 3823 timebat,
506 3751 540 3807 et
557 3737 652 3835 pacis
667 3736 877 3833 justitiaeque
893 3733 1009 3805 cultor
1027 3745 1121 3821 eret,
1140 3729 1243 3802 baro·

229 4008 267 4077 (t)
287 4009 362 4063 Nous
379 4025 496 4081 pensons
513 4025 566 4081 que
583 4025 613 4062 co
630 4021 687 4064 mot
700 4009 808 4082 signifie
821 4008 855 4064 ici
869 4007 917 4063 des
931 4002 1161 4079 corpedo-garde
1177 4019 1243 4077 riour

196 4093 232 4145 les
246 4096 402 4152 sentinollos
414 4096 448 4151 de
460 4094 486 4150 la
499 4095 636 4166 garnison.
