2888 4934
286 442 347 505 sto
557 440 740 502 msrorus
762 430 1067 503 accuminatur.
1239 439 1341 519 [¹119]

287 597 373 646 nem
385 572 461 669 ejus
474 596 620 671 vespere
631 573 740 644 venit.
758 577 870 644 Porro
885 570 1087 662 Rainaldus,
1107 567 1341 668 vidensquod

288 686 334 758 ad
361 700 499 759 tantum
527 709 620 757 onus
646 685 917 760 sustentandum
946 686 1065 785 impos
1093 698 1207 773 esset,
1238 707 1344 756 mane

285 801 409 892 exivit,
429 816 481 892 et,
500 799 725 875 clementiam
745 803 836 899 regis
857 799 1056 900 postulans,
1079 799 1342 871 munimentum

287 912 455 986 reddidit.
468 915 635 986 Protinus
644 938 706 986 rex
714 913 892 1013 lapideam
901 914 1064 1004 domum,
1077 936 1162 985 cum
1171 926 1342 1012 apparatu

286 1026 450 1102 cibomm
469 1044 503 1102 et
521 1027 690 1101 omnibus
705 1054 784 1128 quae
798 1030 893 1102 intus
910 1042 1027 1119 erant,
1046 1026 1217 1100 incendio
1234 1026 1342 1104 tradi-

286 1144 351 1218 dit.
373 1145 435 1216 His
455 1145 575 1242 itaque
595 1145 805 1243 compertis,
824 1144 1052 1216 Curceienses
1072 1140 1172 1214 etde
1191 1144 1340 1215 Grente·

283 1259 461 1332 maisnilio
488 1284 531 1332 ac
554 1259 600 1332 de
617 1263 739 1334 Monte
761 1260 940 1333 Pincionis
958 1260 1033 1357 (l),
1059 1257 1233 1331 rebellare
1254 1258 1339 1348 nisi,

284 1374 470 1466 siluerunt,
489 1374 726 1447 et'malivolos
742 1391 905 1468 conatus,
923 1399 971 1448 ne
982 1374 1109 1448 similia
1122 1389 1338 1473 paterentur,

283 1490 457 1563 continuo
485 1504 794 1589 compresserunt,
826 1514 893 1564 nec
918 1489 1066 1563 ulterius
1088 1490 1126 1561 in
1152 1488 1340 1563 dominum

281 1630 402 1703 regem
417 1603 603 1677 sustollere
619 1628 754 1677 cornua
769 1619 1082 1705 praesumpserunt.

330 1724 393 1791 Xll
398 1774 406 1791 .
417 1719 637 1811 Goisfredus,
648 1719 936 1820 archiepiscopus
944 1721 1228 1818 Rotomagensis,
1238 1722 1340 1795 Asce-

281 1835 409 1927 linum,
422 1833 570 1907 Andreae
578 1832 691 1907 filium
699 1834 768 1933 (2),
778 1834 941 1933 pluribus
947 1834 1086 1934 placitis
1094 1835 1224 1908 acriter
1232 1835 1339 1934 impe

282 1951 373 2041 tivit,
387 1965 422 2022 et
434 1950 563 2046 injuste
576 1948 742 2046 demptis,
756 1965 797 2023 ut
807 1949 1021 2050 quibusdam
1032 1951 1148 2022 visum
1156 1964 1228 2040 est,
1236 1948 1340 2022 rebus

280 2067 367 2155 suis,
386 2064 489 2138 valde
502 2065 716 2162 aggravavit.
733 2065 796 2138 llle
809 2067 927 2164 igitur,
948 2090 1099 2139 rancore
1111 2065 1192 2137 diro
1209 2079 1340 2138 stoma·

280 2179 423 2269 chatus,
443 2180 646 2251 Pontesiam
664 2178 709 2252 ad
727 2205 848 2278 regem
862 2180 917 2278 (3)
932 2180 1095 2270 accessit,
1115 2194 1207 2252 etse
1223 2178 1340 2252 Aude-

281 2292 403 2384 leium,
415 2294 444 2364 si
456 2295 593 2366 veniret
603 2309 811 2393 recepturus
822 2321 905 2368 cum
914 2294 1040 2367 bellica
1049 2295 1098 2385 vi,
1110 2293 1339 2395 proditurum

280 2406 489 2508 spopondit.
505 2408 628 2479 Franci
641 2433 726 2506 ergo
743 2411 850 2481 nimis
864 2410 973 2507 gavisi
989 2424 1086 2499 sunt,
1103 2423 1140 2482 et
1155 2433 1279 2507 regem
1294 2434 1339 2482 ne

279 2522 504 2623 pigritaretur
514 2521 689 2594 exhortati
697 2538 793 2597 sunt.
807 2523 1027 2598 Confirmato
1038 2524 1206 2622 utrinque
1219 2539 1338 2623 pacto,

281 2636 461 2710 ascelinus
483 2636 716 2735 probissimos
736 2637 901 2711 satellites
918 2663 1040 2712 secum
1059 2638 1227 2729 adduxit,
1247 2628 1338 2715 etti

280 2777 427 2825 suarum
441 2751 658 2851 apothecam
675 2768 836 2850 segetum
855 2768 964 2826 noctu
985 2753 1196 2843 intromisit,
1218 2751 1340 2851 ibique

280 2868 348 2942 sub
359 2868 529 2941 stramine
545 2868 696 2941 latenter
709 2869 907 2942 abscondit.
928 2869 1130 2942 Ludovicus
1142 2882 1264 2940 autern
1280 2892 1341 2940 rex

279 3008 362 3056 cum
383 2983 560 3082 phalange
582 2981 797 3055 bellatorum
816 2983 1035 3082 pedetentim
1055 3007 1139 3055 eum
1159 2983 1341 3054 insecutus

279 3114 343 3171 est.
366 3102 487 3187 Mane,
505 3099 581 3169 viso
598 3122 698 3196 rege,
718 3097 924 3171 vociferatio
942 3096 1067 3198 populi
1084 3096 1289 3197 personuit,
1307 3109 1343 3168 et

282 3214 389 3285 nimia
404 3212 622 3312 perturbatio
637 3238 701 3312 pro
715 3227 789 3286 tam
802 3214 979 3313 insperata
993 3238 1031 3286 re
1044 3227 1192 3312 repente
1204 3211 1340 3284 incolas

279 3325 421 3398 invasit.
450 3327 640 3398 Latitautes
668 3351 754 3399 vero
784 3326 850 3399 sub
875 3327 1044 3400 stramine
1067 3325 1186 3399 subito
1212 3351 1341 3425 proru-

314 3624 354 3694 (t)
368 3624 418 3676 Les
431 3623 583 3679 chdtelains
594 3625 630 3681 de
641 3626 905 3696 Comei-suumve,
919 3627 1185 3694 deGrentemesuib
1201 3627 1238 3683 de
1249 3629 1352 3685 Mout-

278 3714 396 3785 Pinqon.
412 3710 490 3766 Nous
502 3730 620 3784 pensons
632 3734 696 3790 que,
710 3714 778 3770 dans
792 3715 905 3788 laligne
915 3715 1092 3790 precedente,
1105 3717 1126 3773 il
1136 3717 1354 3792 est-indispen-

280 3801 354 3858 sable
366 3800 402 3855 de
415 3800 625 3859 sons-entendre
641 3806 700 3859 :illi
710 3822 747 3859 ou
760 3804 905 3878 oppidum·¹
920 3816 1000 3862 avaut
1010 3823 1055 3862 ces
1066 3816 1156 3863 mota:
1171 3805 1209 3862 de
1217 3807 1362 3863 Gnate*

279 3891 414 3946 mesnillo.

315 3981 352 4050 (2)
369 3978 409 4034 Ce
428 3993 600 4050 personnage
618 3976 737 4034 habitait
755 3979 794 4035 les
812 3980 941 4053 Andeda,
959 3981 1009 4055 qui
1026 3982 1129 4038 &taient
1143 3980 1203 4037 l’un
1221 3981 1272 4038 des
1287 3982 1368 4037 do*

279 4071 384 4123 maioes
395 4065 430 4121 de
442 4064 679 4138 l’archevequede
687 4067 799 4125 Rauen.

316 4153 638 4228 mummfflm.
