<?xml version="1.0" encoding="UTF-8"?>
<!DOCTYPE html PUBLIC "-//W3C//DTD XHTML 1.0 Transitional//EN"
    "http://www.w3.org/TR/xhtml1/DTD/xhtml1-transitional.dtd">
<html xmlns="http://www.w3.org/1999/xhtml" xml:lang="en" lang="en">
 <head>
  <title>
</title>
<meta http-equiv="Content-Type" content="text/html;charset=utf-8" />
  <meta name='ocr-system' content='tesseract 3.04.00' />
  <meta name='ocr-capabilities' content='ocr_page ocr_carea ocr_par ocr_line ocrx_word'/>
</head>
<body>
  <div class='ocr_page' id='page_1' title='image "./ordericivitalis07deligoog_0213.png"; bbox 0 0 2888 4934; ppageno 0'>
   <div class='ocr_carea' id='block_1_1' title="bbox 206 380 1264 465">
    <p class='ocr_par' dir='ltr' id='par_1_1' title="bbox 206 380 1264 465">
     <span class='ocr_line' id='line_1_1' title="bbox 206 380 1264 465; baseline 0.001 -21"><span class='ocrx_word' id='word_1_1' title='bbox 206 388 266 445; x_wconf 70' lang='lat'><strong>200</strong></span> <span class='ocrx_word' id='word_1_2' title='bbox 476 382 659 443; x_wconf 76' lang='lat' dir='ltr'>HISTORIA</span> <span class='ocrx_word' id='word_1_3' title='bbox 682 380 988 444; x_wconf 67' lang='lat' dir='ltr'><strong>ecelesiastica,</strong></span> <span class='ocrx_word' id='word_1_4' title='bbox 1158 385 1264 465; x_wconf 79' lang='grc'><strong>[1004]</strong></span> 
     </span>
    </p>
   </div>
   <div class='ocr_carea' id='block_1_2' title="bbox 201 512 1269 3034">
    <p class='ocr_par' dir='ltr' id='par_1_2' title="bbox 201 512 1269 3034">
     <span class='ocr_line' id='line_1_2' title="bbox 203 512 1263 615; baseline 0 -28"><span class='ocrx_word' id='word_1_5' title='bbox 203 539 329 615; x_wconf 92' lang='lat' dir='ltr'><strong>pacem</strong></span> <span class='ocrx_word' id='word_1_6' title='bbox 339 539 422 585; x_wconf 91' lang='lat' dir='ltr'><strong>curn</strong></span> <span class='ocrx_word' id='word_1_7' title='bbox 435 513 617 586; x_wconf 81' lang='lat' dir='ltr'><strong>Rodberto</strong></span> <span class='ocrx_word' id='word_1_8' title='bbox 631 514 677 585; x_wconf 90' lang='lat' dir='ltr'><strong>de</strong></span> <span class='ocrx_word' id='word_1_9' title='bbox 689 512 854 597; x_wconf 89' lang='lat' dir='ltr'><strong>Belismo,</strong></span> <span class='ocrx_word' id='word_1_10' title='bbox 867 512 1050 608; x_wconf 90' lang='lat' dir='ltr'><strong>utriusque</strong></span> <span class='ocrx_word' id='word_1_11' title='bbox 1064 512 1263 611; x_wconf 80' lang='lat' dir='ltr'>proditore,</span> 
     </span>
     <span class='ocr_line' id='line_1_3' title="bbox 204 627 1265 729; baseline -0.001 -29"><span class='ocrx_word' id='word_1_12' title='bbox 204 630 279 701; x_wconf 91' lang='lat' dir='ltr'><strong>sine</strong></span> <span class='ocrx_word' id='word_1_13' title='bbox 297 631 387 726; x_wconf 88' lang='lat' dir='ltr'><strong>regis</strong></span> <span class='ocrx_word' id='word_1_14' title='bbox 403 629 551 701; x_wconf 92' lang='lat' dir='ltr'><strong>consilio</strong></span> <span class='ocrx_word' id='word_1_15' title='bbox 570 629 882 729; x_wconf 78' lang='lat' dir='ltr'><strong>compaginaverit,</strong></span> <span class='ocrx_word' id='word_1_16' title='bbox 903 628 1006 725; x_wconf 91' lang='lat' dir='ltr'><strong>eique</strong></span> <span class='ocrx_word' id='word_1_17' title='bbox 1025 627 1189 700; x_wconf 91' lang='lat' dir='ltr'><strong>dominia</strong></span> <span class='ocrx_word' id='word_1_18' title='bbox 1204 655 1265 728; x_wconf 82' lang='lat' dir='ltr'><strong>pa·</strong></span> 
     </span>
     <span class='ocr_line' id='line_1_4' title="bbox 204 744 1263 842; baseline 0.002 -26"><span class='ocrx_word' id='word_1_19' title='bbox 204 747 268 819; x_wconf 92' lang='lat' dir='ltr'><strong>tris</strong></span> <span class='ocrx_word' id='word_1_20' title='bbox 287 747 342 817; x_wconf 91' lang='lat' dir='ltr'><strong>sui</strong></span> <span class='ocrx_word' id='word_1_21' title='bbox 363 761 488 818; x_wconf 87' lang='lat' dir='ltr'><strong>contra</strong></span> <span class='ocrx_word' id='word_1_22' title='bbox 501 746 560 842; x_wconf 91' lang='lat' dir='ltr'><strong>jus</strong></span> <span class='ocrx_word' id='word_1_23' title='bbox 580 761 616 818; x_wconf 91' lang='lat' dir='ltr'><strong>et</strong></span> <span class='ocrx_word' id='word_1_24' title='bbox 635 760 806 818; x_wconf 88' lang='lat' dir='ltr'><strong>statutum</strong></span> <span class='ocrx_word' id='word_1_25' title='bbox 826 744 980 836; x_wconf 84' lang='lat' dir='ltr'><strong>dederit3</strong></span> <span class='ocrx_word' id='word_1_26' title='bbox 1008 744 1107 841; x_wconf 88' lang='lat' dir='ltr'><strong>quod</strong></span> <span class='ocrx_word' id='word_1_27' title='bbox 1127 746 1263 818; x_wconf 87' lang='lat' dir='ltr'><strong>latrun-</strong></span> 
     </span>
     <span class='ocr_line' id='line_1_5' title="bbox 203 859 1264 960; baseline 0 -27"><span class='ocrx_word' id='word_1_28' title='bbox 203 861 292 934; x_wconf 87' lang='lat' dir='ltr'>culis</span> <span class='ocrx_word' id='word_1_29' title='bbox 314 875 349 932; x_wconf 91' lang='lat' dir='ltr'><strong>et</strong></span> <span class='ocrx_word' id='word_1_30' title='bbox 371 860 588 960; x_wconf 80' lang='lat' dir='ltr'><strong>raptoribus,</strong></span> <span class='ocrx_word' id='word_1_31' title='bbox 616 860 762 958; x_wconf 89' lang='lat' dir='ltr'><strong>aliisque</strong></span> <span class='ocrx_word' id='word_1_32' title='bbox 787 859 1088 950; x_wconf 77' lang='lat' dir='ltr'><strong>malefactoribus,</strong></span> <span class='ocrx_word' id='word_1_33' title='bbox 1110 862 1264 958; x_wconf 82' lang='lat' dir='ltr'><strong>segnicie</strong></span> 
     </span>
     <span class='ocr_line' id='line_1_6' title="bbox 205 976 1264 1076; baseline 0.001 -27"><span class='ocrx_word' id='word_1_34' title='bbox 205 992 363 1076; x_wconf 90' lang='lat' dir='ltr'><strong>torpens,</strong></span> <span class='ocrx_word' id='word_1_35' title='bbox 383 976 576 1049; x_wconf 89' lang='lat' dir='ltr'><strong>deserverit</strong></span> <span class='ocrx_word' id='word_1_36' title='bbox 592 977 663 1073; x_wconf 76' lang='lat' dir='ltr'><strong>(l),</strong></span> <span class='ocrx_word' id='word_1_37' title='bbox 682 976 794 1074; x_wconf 94' lang='lat' dir='ltr'><strong>quod,</strong></span> <span class='ocrx_word' id='word_1_38' title='bbox 816 976 1003 1075; x_wconf 88' lang='lat' dir='ltr'><strong>impudicis</strong></span> <span class='ocrx_word' id='word_1_39' title='bbox 1023 976 1264 1051; x_wconf 84' lang='lat' dir='ltr'><strong>nebulonibus</strong></span> 
     </span>
     <span class='ocr_line' id='line_1_7' title="bbox 204 1082 1264 1190; baseline 0.001 -27"><span class='ocrx_word' id='word_1_40' title='bbox 204 1082 1152 1190; x_wconf 80' lang='lat' dir='ltr'><strong>parens,totamillisNormanniamimpunedimiserit3</strong></span> <span class='ocrx_word' id='word_1_41' title='bbox 1164 1091 1264 1189; x_wconf 90' lang='lat' dir='ltr'><strong>quod</strong></span> 
     </span>
     <span class='ocr_line' id='line_1_8' title="bbox 202 1206 1263 1305; baseline 0.002 -28"><span class='ocrx_word' id='word_1_42' title='bbox 202 1207 353 1304; x_wconf 89' lang='lat' dir='ltr'><strong>pastoris</strong></span> <span class='ocrx_word' id='word_1_43' title='bbox 370 1231 434 1278; x_wconf 92' lang='lat' dir='ltr'><strong>seu</strong></span> <span class='ocrx_word' id='word_1_44' title='bbox 450 1207 618 1305; x_wconf 91' lang='lat' dir='ltr'><strong>principis</strong></span> <span class='ocrx_word' id='word_1_45' title='bbox 634 1206 753 1277; x_wconf 93' lang='lat' dir='ltr'><strong>locum</strong></span> <span class='ocrx_word' id='word_1_46' title='bbox 772 1207 898 1279; x_wconf 89' lang='lat' dir='ltr'><strong>srustra</strong></span> <span class='ocrx_word' id='word_1_47' title='bbox 915 1208 1157 1304; x_wconf 85' lang='lat' dir='ltr'><strong>occupaverit,</strong></span> <span class='ocrx_word' id='word_1_48' title='bbox 1176 1208 1263 1280; x_wconf 89' lang='lat' dir='ltr'><strong>dum</strong></span> 
     </span>
     <span class='ocr_line' id='line_1_9' title="bbox 203 1307 1263 1397; baseline 0.005 -5"><span class='ocrx_word' id='word_1_49' title='bbox 203 1325 348 1394; x_wconf 89' lang='lat' dir='ltr'><strong>rectoris</strong></span> <span class='ocrx_word' id='word_1_50' title='bbox 374 1321 531 1393; x_wconf 78' lang='lat' dir='ltr'><strong>officium</strong></span> <span class='ocrx_word' id='word_1_51' title='bbox 560 1321 606 1394; x_wconf 91' lang='lat' dir='ltr'><strong>ad</strong></span> <span class='ocrx_word' id='word_1_52' title='bbox 630 1307 936 1394; x_wconf 89' lang='lat' dir='ltr'><strong>commoditatem</strong></span> <span class='ocrx_word' id='word_1_53' title='bbox 950 1321 1111 1394; x_wconf 78' lang='lat' dir='ltr'><strong>Ecclesiae</strong></span> <span class='ocrx_word' id='word_1_54' title='bbox 1134 1325 1202 1394; x_wconf 87' lang='lat' dir='ltr'><strong>Dei</strong></span> <span class='ocrx_word' id='word_1_55' title='bbox 1228 1339 1263 1397; x_wconf 89' lang='lat' dir='ltr'><strong>et</strong></span> 
     </span>
     <span class='ocr_line' id='line_1_10' title="bbox 203 1436 1264 1540; baseline 0.001 -32"><span class='ocrx_word' id='word_1_56' title='bbox 203 1437 349 1540; x_wconf 80' lang='lat' dir='ltr'><strong>inermis</strong></span> <span class='ocrx_word' id='word_1_57' title='bbox 360 1436 484 1536; x_wconf 90' lang='lat' dir='ltr'><strong>populi</strong></span> <span class='ocrx_word' id='word_1_58' title='bbox 499 1462 572 1509; x_wconf 90' lang='lat' dir='ltr'><strong>non</strong></span> <span class='ocrx_word' id='word_1_59' title='bbox 587 1439 794 1527; x_wconf 83' lang='lat' dir='ltr'><strong>exercuerit,</strong></span> <span class='ocrx_word' id='word_1_60' title='bbox 810 1462 900 1534; x_wconf 90' lang='lat' dir='ltr'><strong>quos</strong></span> <span class='ocrx_word' id='word_1_61' title='bbox 914 1436 1174 1534; x_wconf 85' lang='lat' dir='ltr'><strong>indisciplinate</strong></span> <span class='ocrx_word' id='word_1_62' title='bbox 1184 1463 1264 1536; x_wconf 73' lang='lat' dir='ltr'><strong>pen</strong></span> 
     </span>
     <span class='ocr_line' id='line_1_11' title="bbox 203 1551 1262 1652; baseline 0.003 -31"><span class='ocrx_word' id='word_1_63' title='bbox 203 1552 446 1648; x_wconf 90' lang='lat' dir='ltr'><strong>sequentibus,</strong></span> <span class='ocrx_word' id='word_1_64' title='bbox 463 1552 559 1626; x_wconf 86' lang='lat' dir='ltr'><strong>velut</strong></span> <span class='ocrx_word' id='word_1_65' title='bbox 575 1578 660 1624; x_wconf 92' lang='lat' dir='ltr'><strong>oves</strong></span> <span class='ocrx_word' id='word_1_66' title='bbox 672 1554 803 1652; x_wconf 91' lang='lat' dir='ltr'><strong>lupinis</strong></span> <span class='ocrx_word' id='word_1_67' title='bbox 817 1555 852 1623; x_wconf 92' lang='lat' dir='ltr'><strong>in</strong></span> <span class='ocrx_word' id='word_1_68' title='bbox 868 1551 1047 1640; x_wconf 87' lang='lat' dir='ltr'><strong>dentibus,</strong></span> <span class='ocrx_word' id='word_1_69' title='bbox 1069 1552 1164 1623; x_wconf 92' lang='lat' dir='ltr'><strong>ultro</strong></span> <span class='ocrx_word' id='word_1_70' title='bbox 1181 1552 1262 1624; x_wconf 87' lang='lat' dir='ltr'><strong>reli·</strong></span> 
     </span>
     <span class='ocr_line' id='line_1_12' title="bbox 203 1667 1263 1765; baseline 0.004 -29"><span class='ocrx_word' id='word_1_71' title='bbox 203 1668 331 1763; x_wconf 89' lang='lat' dir='ltr'><strong>querit.</strong></span> <span class='ocrx_word' id='word_1_72' title='bbox 371 1667 638 1740; x_wconf 86' lang='lat' dir='ltr'><strong>Rationabiliter</strong></span> <span class='ocrx_word' id='word_1_73' title='bbox 672 1683 707 1740; x_wconf 92' lang='lat' dir='ltr'><strong>et</strong></span> <span class='ocrx_word' id='word_1_74' title='bbox 739 1668 892 1740; x_wconf 89' lang='lat' dir='ltr'><strong>multum</strong></span> <span class='ocrx_word' id='word_1_75' title='bbox 924 1669 1103 1765; x_wconf 88' lang='lat' dir='ltr'><strong>sapienter</strong></span> <span class='ocrx_word' id='word_1_76' title='bbox 1135 1669 1263 1740; x_wconf 90' lang='lat' dir='ltr'><strong>concio</strong></span> 
     </span>
     <span class='ocr_line' id='line_1_13' title="bbox 202 1783 1269 1883; baseline 0.002 -28"><span class='ocrx_word' id='word_1_77' title='bbox 202 1784 294 1879; x_wconf 86' lang='lat' dir='ltr'><strong>regis</strong></span> <span class='ocrx_word' id='word_1_78' title='bbox 306 1808 448 1856; x_wconf 92' lang='lat' dir='ltr'><strong>causam</strong></span> <span class='ocrx_word' id='word_1_79' title='bbox 463 1809 564 1873; x_wconf 88' lang='lat' dir='ltr'><strong>suam</strong></span> <span class='ocrx_word' id='word_1_80' title='bbox 581 1784 816 1883; x_wconf 90' lang='lat' dir='ltr'><strong>deprompsit,</strong></span> <span class='ocrx_word' id='word_1_81' title='bbox 831 1800 866 1857; x_wconf 89' lang='lat' dir='ltr'><strong>et</strong></span> <span class='ocrx_word' id='word_1_82' title='bbox 879 1783 1009 1873; x_wconf 92' lang='lat' dir='ltr'><strong>multis,</strong></span> <span class='ocrx_word' id='word_1_83' title='bbox 1026 1783 1269 1882; x_wconf 81' lang='lat' dir='ltr'><strong>gravibusque.</strong></span> 
     </span>
     <span class='ocr_line' id='line_1_14' title="bbox 203 1899 1263 1991; baseline 0.005 -22"><span class='ocrx_word' id='word_1_84' title='bbox 203 1899 358 1971; x_wconf 91' lang='lat' dir='ltr'><strong>reatibus</strong></span> <span class='ocrx_word' id='word_1_85' title='bbox 389 1900 518 1971; x_wconf 90' lang='lat' dir='ltr'><strong>ducem</strong></span> <span class='ocrx_word' id='word_1_86' title='bbox 549 1900 744 1973; x_wconf 84' lang='lat' dir='ltr'><strong>fraternum</strong></span> <span class='ocrx_word' id='word_1_87' title='bbox 778 1900 892 1972; x_wconf 86' lang='lat' dir='ltr'><strong>loedus</strong></span> <span class='ocrx_word' id='word_1_88' title='bbox 919 1900 1066 1973; x_wconf 88' lang='lat' dir='ltr'><strong>violasse</strong></span> <span class='ocrx_word' id='word_1_89' title='bbox 1093 1903 1263 1991; x_wconf 87' lang='lat' dir='ltr'><strong>asseruit,</strong></span> 
     </span>
     <span class='ocr_line' id='line_1_15' title="bbox 204 2016 1263 2117; baseline 0.005 -31"><span class='ocrx_word' id='word_1_90' title='bbox 204 2040 297 2111; x_wconf 89' lang='lat' dir='ltr'><strong>quos</strong></span> <span class='ocrx_word' id='word_1_91' title='bbox 324 2017 400 2106; x_wconf 91' lang='lat' dir='ltr'><strong>ille,</strong></span> <span class='ocrx_word' id='word_1_92' title='bbox 427 2043 491 2114; x_wconf 88' lang='lat' dir='ltr'><strong>per</strong></span> <span class='ocrx_word' id='word_1_93' title='bbox 516 2017 765 2116; x_wconf 87' lang='lat' dir='ltr'><strong>vituperabiles</strong></span> <span class='ocrx_word' id='word_1_94' title='bbox 792 2016 944 2113; x_wconf 85' lang='lat' dir='ltr'><strong>collegas</strong></span> <span class='ocrx_word' id='word_1_95' title='bbox 967 2043 1051 2102; x_wconf 87' lang='lat' dir='ltr'><strong>suos</strong></span> <span class='ocrx_word' id='word_1_96' title='bbox 1077 2043 1157 2091; x_wconf 88' lang='lat' dir='ltr'><strong>sese</strong></span> <span class='ocrx_word' id='word_1_97' title='bbox 1177 2045 1263 2117; x_wconf 84' lang='lat' dir='ltr'><strong>pur·</strong></span> 
     </span>
     <span class='ocr_line' id='line_1_16' title="bbox 204 2129 1263 2231; baseline 0.007 -31"><span class='ocrx_word' id='word_1_98' title='bbox 204 2129 340 2226; x_wconf 89' lang='lat' dir='ltr'><strong>gando,</strong></span> <span class='ocrx_word' id='word_1_99' title='bbox 365 2131 539 2227; x_wconf 88' lang='lat' dir='ltr'><strong>denegare</strong></span> <span class='ocrx_word' id='word_1_100' title='bbox 561 2157 635 2203; x_wconf 88' lang='lat' dir='ltr'><strong>non</strong></span> <span class='ocrx_word' id='word_1_101' title='bbox 652 2135 781 2231; x_wconf 84' lang='lat' dir='ltr'><strong>potuit.</strong></span> <span class='ocrx_word' id='word_1_102' title='bbox 800 2137 912 2207; x_wconf 89' lang='lat' dir='ltr'><strong>Sensu</strong></span> <span class='ocrx_word' id='word_1_103' title='bbox 929 2133 1062 2231; x_wconf 90' lang='lat' dir='ltr'><strong>quippe</strong></span> <span class='ocrx_word' id='word_1_104' title='bbox 1084 2148 1120 2204; x_wconf 90' lang='lat' dir='ltr'><strong>et</strong></span> <span class='ocrx_word' id='word_1_105' title='bbox 1141 2136 1263 2207; x_wconf 83' lang='lat' dir='ltr'><strong>amicis</strong></span> 
     </span>
     <span class='ocr_line' id='line_1_17' title="bbox 204 2245 1265 2346; baseline 0.006 -29"><span class='ocrx_word' id='word_1_106' title='bbox 204 2245 392 2318; x_wconf 86' lang='lat' dir='ltr'><strong>destitutus</strong></span> <span class='ocrx_word' id='word_1_107' title='bbox 407 2262 498 2336; x_wconf 89' lang='lat' dir='ltr'><strong>erat,</strong></span> <span class='ocrx_word' id='word_1_108' title='bbox 519 2252 603 2345; x_wconf 91' lang='lat' dir='ltr'><strong>quia</strong></span> <span class='ocrx_word' id='word_1_109' title='bbox 618 2249 799 2320; x_wconf 90' lang='lat' dir='ltr'><strong>bonorum</strong></span> <span class='ocrx_word' id='word_1_110' title='bbox 814 2251 994 2320; x_wconf 86' lang='lat' dir='ltr'><strong>consortia</strong></span> <span class='ocrx_word' id='word_1_111' title='bbox 1009 2263 1045 2320; x_wconf 90' lang='lat' dir='ltr'><strong>et</strong></span> <span class='ocrx_word' id='word_1_112' title='bbox 1061 2250 1265 2346; x_wconf 86' lang='lat' dir='ltr'><strong>sapientum</strong></span> 
     </span>
     <span class='ocr_line' id='line_1_18' title="bbox 204 2361 1266 2462; baseline 0.006 -31"><span class='ocrx_word' id='word_1_113' title='bbox 204 2361 352 2433; x_wconf 90' lang='lat' dir='ltr'><strong>consilia</strong></span> <span class='ocrx_word' id='word_1_114' title='bbox 373 2362 672 2462; x_wconf 79' lang='lat' dir='ltr'><strong>parvipendebat3</strong></span> <span class='ocrx_word' id='word_1_115' title='bbox 695 2363 758 2434; x_wconf 92' lang='lat' dir='ltr'><strong>sed</strong></span> <span class='ocrx_word' id='word_1_116' title='bbox 776 2389 854 2460; x_wconf 86' lang='lat' dir='ltr'><strong>quae</strong></span> <span class='ocrx_word' id='word_1_117' title='bbox 872 2363 1049 2436; x_wconf 88' lang='lat' dir='ltr'><strong>contraria</strong></span> <span class='ocrx_word' id='word_1_118' title='bbox 1074 2379 1194 2453; x_wconf 89' lang='lat' dir='ltr'><strong>erant,</strong></span> <span class='ocrx_word' id='word_1_119' title='bbox 1216 2363 1266 2437; x_wconf 83' lang='lat' dir='ltr'><strong>ad</strong></span> 
     </span>
     <span class='ocr_line' id='line_1_19' title="bbox 204 2472 1261 2577; baseline -0.001 -26"><span class='ocrx_word' id='word_1_120' title='bbox 204 2478 271 2562; x_wconf 86' lang='lat' dir='ltr'><strong>sui,</strong></span> <span class='ocrx_word' id='word_1_121' title='bbox 284 2477 551 2576; x_wconf 89' lang='lat' dir='ltr'><strong>multorumque</strong></span> <span class='ocrx_word' id='word_1_122' title='bbox 565 2479 792 2567; x_wconf 87' lang='lat' dir='ltr'><strong>detrimenta,</strong></span> <span class='ocrx_word' id='word_1_123' title='bbox 803 2472 1049 2552; x_wconf 87' lang='lat' dir='ltr'><strong>miserabiliter</strong></span> <span class='ocrx_word' id='word_1_124' title='bbox 1057 2478 1261 2577; x_wconf 86' lang='lat' dir='ltr'><strong>appetebat.</strong></span> 
     </span>
     <span class='ocr_line' id='line_1_20' title="bbox 203 2593 1263 2692; baseline 0.002 -29"><span class='ocrx_word' id='word_1_125' title='bbox 203 2593 316 2664; x_wconf 89' lang='lat' dir='ltr'><strong>Variis</strong></span> <span class='ocrx_word' id='word_1_126' title='bbox 335 2594 454 2690; x_wconf 87' lang='lat' dir='ltr'><strong>itaque</strong></span> <span class='ocrx_word' id='word_1_127' title='bbox 476 2595 548 2665; x_wconf 84' lang='lat' dir='ltr'><strong>dux</strong></span> <span class='ocrx_word' id='word_1_128' title='bbox 572 2594 860 2692; x_wconf 84' lang='lat' dir='ltr'><strong>perplexitatibus</strong></span> <span class='ocrx_word' id='word_1_129' title='bbox 881 2619 1067 2665; x_wconf 86' lang='lat' dir='ltr'><strong>causarum</strong></span> <span class='ocrx_word' id='word_1_130' title='bbox 1085 2594 1263 2681; x_wconf 82' lang='lat' dir='ltr'><strong>irretitus,</strong></span> 
     </span>
     <span class='ocr_line' id='line_1_21' title="bbox 203 2707 1262 2798; baseline -0.001 -19"><span class='ocrx_word' id='word_1_131' title='bbox 203 2734 287 2780; x_wconf 93' lang='lat' dir='ltr'><strong>cum</strong></span> <span class='ocrx_word' id='word_1_132' title='bbox 310 2711 382 2781; x_wconf 90' lang='lat' dir='ltr'><strong>suis</strong></span> <span class='ocrx_word' id='word_1_133' title='bbox 407 2709 595 2783; x_wconf 91' lang='lat' dir='ltr'><strong>consilium</strong></span> <span class='ocrx_word' id='word_1_134' title='bbox 613 2709 707 2794; x_wconf 90' lang='lat' dir='ltr'><strong>iniit,</strong></span> <span class='ocrx_word' id='word_1_135' title='bbox 730 2733 790 2798; x_wconf 91' lang='lat' dir='ltr'><strong>ac,</strong></span> <span class='ocrx_word' id='word_1_136' title='bbox 810 2725 848 2780; x_wconf 91' lang='lat' dir='ltr'><strong>ut</strong></span> <span class='ocrx_word' id='word_1_137' title='bbox 865 2709 1076 2793; x_wconf 86' lang='lat' dir='ltr'><strong>debiliorem</strong></span> <span class='ocrx_word' id='word_1_138' title='bbox 1093 2707 1262 2796; x_wconf 89' lang='lat' dir='ltr'><strong>decebat,</strong></span> 
     </span>
     <span class='ocr_line' id='line_1_22' title="bbox 203 2823 1265 2924; baseline 0 -29"><span class='ocrx_word' id='word_1_139' title='bbox 203 2825 394 2896; x_wconf 87' lang='lat' dir='ltr'><strong>amicitiam</strong></span> <span class='ocrx_word' id='word_1_140' title='bbox 406 2824 618 2924; x_wconf 86' lang='lat' dir='ltr'><strong>potentioris</strong></span> <span class='ocrx_word' id='word_1_141' title='bbox 631 2826 743 2922; x_wconf 89' lang='lat' dir='ltr'><strong>petiit,</strong></span> <span class='ocrx_word' id='word_1_142' title='bbox 760 2827 863 2921; x_wconf 89' lang='lat' dir='ltr'><strong>eique</strong></span> <span class='ocrx_word' id='word_1_143' title='bbox 878 2823 1121 2913; x_wconf 87' lang='lat' dir='ltr'><strong>Guillelmum,</strong></span> <span class='ocrx_word' id='word_1_144' title='bbox 1135 2847 1265 2896; x_wconf 82' lang='lat' dir='ltr'><strong>consu·</strong></span> 
     </span>
     <span class='ocr_line' id='line_1_23' title="bbox 201 2937 1265 3034; baseline 0.002 -25"><span class='ocrx_word' id='word_1_145' title='bbox 201 2937 273 3010; x_wconf 90' lang='lat' dir='ltr'><strong>lem</strong></span> <span class='ocrx_word' id='word_1_146' title='bbox 289 2939 488 3011; x_wconf 89' lang='lat' dir='ltr'><strong>Ebroarum</strong></span> <span class='ocrx_word' id='word_1_147' title='bbox 506 2940 573 3034; x_wconf 80' lang='lat'><strong>(2),</strong></span> <span class='ocrx_word' id='word_1_148' title='bbox 593 2965 676 3011; x_wconf 90' lang='lat' dir='ltr'><strong>cum</strong></span> <span class='ocrx_word' id='word_1_149' title='bbox 690 2941 861 3011; x_wconf 90' lang='lat' dir='ltr'><strong>comitatu</strong></span> <span class='ocrx_word' id='word_1_150' title='bbox 876 2966 943 3011; x_wconf 92' lang='lat' dir='ltr'><strong>suo</strong></span> <span class='ocrx_word' id='word_1_151' title='bbox 961 2954 996 3010; x_wconf 89' lang='lat' dir='ltr'><strong>et</strong></span> <span class='ocrx_word' id='word_1_152' title='bbox 1014 2937 1184 3010; x_wconf 85' lang='lat' dir='ltr'><strong>omnibus</strong></span> <span class='ocrx_word' id='word_1_153' title='bbox 1196 2937 1265 3011; x_wconf 87' lang='lat' dir='ltr'><strong>sihi</strong></span> 
     </span>
    </p>
   </div>
   <div class='ocr_carea' id='block_1_3' title="bbox 199 3055 1266 3262">
    <p class='ocr_par' dir='ltr' id='par_1_3' title="bbox 199 3055 1266 3262">
     <span class='ocr_line' id='line_1_24' title="bbox 201 3055 1265 3151; baseline 0 -27"><span class='ocrx_word' id='word_1_154' title='bbox 201 3055 385 3150; x_wconf 88' lang='lat' dir='ltr'><strong>subjectis,</strong></span> <span class='ocrx_word' id='word_1_155' title='bbox 408 3057 595 3135; x_wconf 86' lang='lat' dir='ltr'><strong>concessit.</strong></span> <span class='ocrx_word' id='word_1_156' title='bbox 618 3055 822 3128; x_wconf 86' lang='lat' dir='ltr'><strong>Metuebant</strong></span> <span class='ocrx_word' id='word_1_157' title='bbox 838 3056 952 3144; x_wconf 90' lang='lat' dir='ltr'><strong>enirn,</strong></span> <span class='ocrx_word' id='word_1_158' title='bbox 973 3071 1045 3124; x_wconf 86' lang='lat' dir='ltr'><strong>tam</strong></span> <span class='ocrx_word' id='word_1_159' title='bbox 1058 3055 1134 3151; x_wconf 90' lang='lat' dir='ltr'><strong>ipse</strong></span> <span class='ocrx_word' id='word_1_160' title='bbox 1153 3077 1265 3151; x_wconf 89' lang='lat' dir='ltr'><strong>quam</strong></span> 
     </span>
     <span class='ocr_line' id='line_1_25' title="bbox 199 3163 1266 3262; baseline 0.002 -30"><span class='ocrx_word' id='word_1_161' title='bbox 199 3163 355 3236; x_wconf 85' lang='lat' dir='ltr'><strong>lautores</strong></span> <span class='ocrx_word' id='word_1_162' title='bbox 373 3169 444 3255; x_wconf 88' lang='lat' dir='ltr'><strong>sui,</strong></span> <span class='ocrx_word' id='word_1_163' title='bbox 469 3193 514 3239; x_wconf 91' lang='lat' dir='ltr'><strong>ne</strong></span> <span class='ocrx_word' id='word_1_164' title='bbox 533 3166 720 3238; x_wconf 81' lang='lat' dir='ltr'><strong>manifesto</strong></span> <span class='ocrx_word' id='word_1_165' title='bbox 738 3166 899 3237; x_wconf 77' lang='lat' dir='ltr'><strong>examine</strong></span> <span class='ocrx_word' id='word_1_166' title='bbox 919 3163 1266 3262; x_wconf 80' lang='lat' dir='ltr'><strong>deprehenderetur,</strong></span> 
     </span>
    </p>
   </div>
   <div class='ocr_carea' id='block_1_4' title="bbox 197 3277 1264 3493">
    <p class='ocr_par' dir='ltr' id='par_1_4' title="bbox 197 3277 1264 3493">
     <span class='ocr_line' id='line_1_26' title="bbox 197 3277 1260 3378; baseline 0 -28"><span class='ocrx_word' id='word_1_167' title='bbox 197 3294 304 3376; x_wconf 90' lang='lat' dir='ltr'><strong>atque</strong></span> <span class='ocrx_word' id='word_1_168' title='bbox 325 3279 477 3368; x_wconf 86' lang='lat' dir='ltr'><strong>ducatu,</strong></span> <span class='ocrx_word' id='word_1_169' title='bbox 501 3307 609 3378; x_wconf 90' lang='lat' dir='ltr'><strong>quem</strong></span> <span class='ocrx_word' id='word_1_170' title='bbox 626 3282 793 3370; x_wconf 92' lang='lat' dir='ltr'><strong>nomine,</strong></span> <span class='ocrx_word' id='word_1_171' title='bbox 812 3305 888 3351; x_wconf 91' lang='lat' dir='ltr'><strong>non</strong></span> <span class='ocrx_word' id='word_1_172' title='bbox 904 3280 1063 3367; x_wconf 82' lang='lat' dir='ltr'><strong>actione,</strong></span> <span class='ocrx_word' id='word_1_173' title='bbox 1083 3277 1260 3375; x_wconf 85' lang='lat' dir='ltr'><strong>gestabat,</strong></span> 
     </span>
     <span class='ocr_line' id='line_1_27' title="bbox 198 3394 1264 3493; baseline 0.003 -29"><span class='ocrx_word' id='word_1_174' title='bbox 198 3396 327 3465; x_wconf 89' lang='lat' dir='ltr'><strong>merito</strong></span> <span class='ocrx_word' id='word_1_175' title='bbox 358 3394 587 3493; x_wconf 90' lang='lat' dir='ltr'><strong>spoliaretur,</strong></span> <span class='ocrx_word' id='word_1_176' title='bbox 619 3414 681 3470; x_wconf 88' lang='lat' dir='ltr'><strong>aut</strong></span> <span class='ocrx_word' id='word_1_177' title='bbox 707 3396 970 3470; x_wconf 85' lang='lat' dir='ltr'><strong>formidabilem</strong></span> <span class='ocrx_word' id='word_1_178' title='bbox 1000 3421 1168 3493; x_wconf 84' lang='lat' dir='ltr'><strong>guerram</strong></span> <span class='ocrx_word' id='word_1_179' title='bbox 1198 3419 1264 3493; x_wconf 89' lang='lat' dir='ltr'><strong>per</strong></span> 
     </span>
    </p>
   </div>
   <div class='ocr_carea' id='block_1_5' title="bbox 201 3579 236 3599">
    <p class='ocr_par' dir='ltr' id='par_1_5' title="bbox 201 3579 236 3599">
     <span class='ocr_line' id='line_1_28' title="bbox 201 3579 236 3599; baseline 0 -5"><span class='ocrx_word' id='word_1_180' title='bbox 201 3579 236 3599; x_wconf 63' lang='lat' dir='ltr'><strong>oq-</strong></span> 
     </span>
    </p>
   </div>
   <div class='ocr_carea' id='block_1_6' title="bbox 195 3681 1268 4197">
    <p class='ocr_par' dir='ltr' id='par_1_6' title="bbox 197 3681 1268 3846">
     <span class='ocr_line' id='line_1_29' title="bbox 231 3681 1268 3757; baseline -0.002 -22"><span class='ocrx_word' id='word_1_181' title='bbox 231 3682 270 3749; x_wconf 82' lang='grc'><strong>(4)</strong></span> <span class='ocrx_word' id='word_1_182' title='bbox 288 3681 365 3734; x_wconf 85' lang='lat' dir='ltr'><strong>Nous</strong></span> <span class='ocrx_word' id='word_1_183' title='bbox 382 3698 500 3753; x_wconf 86' lang='lat' dir='ltr'><strong>pensons</strong></span> <span class='ocrx_word' id='word_1_184' title='bbox 517 3683 602 3757; x_wconf 90' lang='lat' dir='ltr'><strong>qn’on</strong></span> <span class='ocrx_word' id='word_1_185' title='bbox 620 3684 681 3739; x_wconf 90' lang='lat' dir='ltr'><strong>doit</strong></span> <span class='ocrx_word' id='word_1_186' title='bbox 694 3686 745 3740; x_wconf 84' lang='lat' dir='ltr'><strong>lire</strong></span> <span class='ocrx_word' id='word_1_187' title='bbox 762 3709 767 3737; x_wconf 93' lang='lat'>:</span> <span class='ocrx_word' id='word_1_188' title='bbox 782 3685 953 3740; x_wconf 79' lang='lat' dir='ltr'><strong>deservierit.</strong></span> <span class='ocrx_word' id='word_1_189' title='bbox 969 3682 1116 3736; x_wconf 81' lang='lat' dir='ltr'><strong>Duclresne</strong></span> <span class='ocrx_word' id='word_1_190' title='bbox 1130 3696 1147 3733; x_wconf 77' lang='lat' dir='ltr'><strong>a</strong></span> <span class='ocrx_word' id='word_1_191' title='bbox 1160 3681 1268 3752; x_wconf 69' lang='lat' dir='ltr'><strong>adopto</strong></span> 
     </span>
     <span class='ocr_line' id='line_1_30' title="bbox 197 3767 1157 3846; baseline 0 -25"><span class='ocrx_word' id='word_1_192' title='bbox 197 3769 221 3821; x_wconf 89' lang='lat' dir='ltr'><strong>la</strong></span> <span class='ocrx_word' id='word_1_193' title='bbox 234 3767 312 3841; x_wconf 71' lang='lat' dir='ltr'><strong>lecon</strong></span> <span class='ocrx_word' id='word_1_194' title='bbox 327 3794 332 3821; x_wconf 65' lang='grc' dir='ltr'>ς</span> <span class='ocrx_word' id='word_1_195' title='bbox 349 3769 515 3838; x_wconf 82' lang='lat' dir='ltr'><strong>deseruerit,</strong></span> <span class='ocrx_word' id='word_1_196' title='bbox 531 3774 580 3845; x_wconf 91' lang='lat' dir='ltr'><strong>qui</strong></span> <span class='ocrx_word' id='word_1_197' title='bbox 594 3792 628 3827; x_wconf 89' lang='lat' dir='ltr'><strong>nc</strong></span> <span class='ocrx_word' id='word_1_198' title='bbox 641 3792 711 3827; x_wconf 90' lang='lat' dir='ltr'><strong>nous</strong></span> <span class='ocrx_word' id='word_1_199' title='bbox 723 3774 810 3846; x_wconf 78' lang='lat' dir='ltr'><strong>paruit</strong></span> <span class='ocrx_word' id='word_1_200' title='bbox 823 3791 870 3845; x_wconf 85' lang='lat' dir='ltr'><strong>pas</strong></span> <span class='ocrx_word' id='word_1_201' title='bbox 882 3773 1000 3845; x_wconf 80' lang='lat' dir='ltr'><strong>pouvoii·</strong></span> <span class='ocrx_word' id='word_1_202' title='bbox 1013 3770 1157 3824; x_wconf 88' lang='lat' dir='ltr'><strong>subsister.</strong></span> 
     </span>
    </p>

    <p class='ocr_par' dir='ltr' id='par_1_7' title="bbox 195 3855 1268 4197">
     <span class='ocr_line' id='line_1_31' title="bbox 231 3855 1267 3931; baseline 0 -21"><span class='ocrx_word' id='word_1_203' title='bbox 231 3856 269 3925; x_wconf 75' lang='lat'><strong>(2)</strong></span> <span class='ocrx_word' id='word_1_204' title='bbox 283 3856 453 3925; x_wconf 84' lang='lat' dir='ltr'><strong>Guillaume‚</strong></span> <span class='ocrx_word' id='word_1_205' title='bbox 469 3858 526 3912; x_wconf 89' lang='lat' dir='ltr'><strong>l&#39;un</strong></span> <span class='ocrx_word' id='word_1_206' title='bbox 538 3859 586 3914; x_wconf 88' lang='lat' dir='ltr'><strong>des</strong></span> <span class='ocrx_word' id='word_1_207' title='bbox 599 3861 738 3931; x_wconf 83' lang='lat' dir='ltr'><strong>guerriers</strong></span> <span class='ocrx_word' id='word_1_208' title='bbox 748 3859 919 3931; x_wconf 85' lang='lat' dir='ltr'><strong>d&#39;llastings,</strong></span> <span class='ocrx_word' id='word_1_209' title='bbox 931 3867 1023 3911; x_wconf 85' lang='lat' dir='ltr'><strong>comte</strong></span> <span class='ocrx_word' id='word_1_210' title='bbox 1033 3855 1172 3910; x_wconf 86' lang='lat' dir='ltr'><strong>d’Evreux</strong></span> <span class='ocrx_word' id='word_1_211' title='bbox 1183 3856 1267 3926; x_wconf 59' lang='lat' dir='ltr'><strong>apres</strong></span> 
     </span>
     <span class='ocr_line' id='line_1_32' title="bbox 195 3945 1266 4020; baseline 0 -20"><span class='ocrx_word' id='word_1_212' title='bbox 195 3947 220 4000; x_wconf 86' lang='lat' dir='ltr'><strong>la</strong></span> <span class='ocrx_word' id='word_1_213' title='bbox 233 3957 306 4000; x_wconf 86' lang='lat' dir='ltr'><strong>mort</strong></span> <span class='ocrx_word' id='word_1_214' title='bbox 319 3945 415 4002; x_wconf 88' lang='lat' dir='ltr'><strong>deson</strong></span> <span class='ocrx_word' id='word_1_215' title='bbox 429 3950 511 4020; x_wconf 69' lang='lat' dir='ltr'><strong>pere,</strong></span> <span class='ocrx_word' id='word_1_216' title='bbox 525 3950 629 4003; x_wconf 76' lang='lat' dir='ltr'><strong>arrives</strong></span> <span class='ocrx_word' id='word_1_217' title='bbox 643 3950 668 4004; x_wconf 91' lang='lat' dir='ltr'><strong>le</strong></span> <span class='ocrx_word' id='word_1_218' title='bbox 681 3955 713 4007; x_wconf 85' lang='grc'><strong>43</strong></span> <span class='ocrx_word' id='word_1_219' title='bbox 726 3950 874 4005; x_wconf 74' lang='lat' dir='ltr'><strong>decembre</strong></span> <span class='ocrx_word' id='word_1_220' title='bbox 887 3951 966 4014; x_wconf 80' lang='lat' dir='ltr'><strong>l06&#39;l,</strong></span> <span class='ocrx_word' id='word_1_221' title='bbox 984 3955 1098 4000; x_wconf 88' lang='lat' dir='ltr'><strong>mourut</strong></span> <span class='ocrx_word' id='word_1_222' title='bbox 1112 3945 1266 4000; x_wconf 67' lang='lat' dir='ltr'><strong>lui-meme</strong></span> 
     </span>
     <span class='ocr_line' id='line_1_33' title="bbox 195 4032 1268 4110; baseline -0.002 -22"><span class='ocrx_word' id='word_1_223' title='bbox 195 4033 220 4088; x_wconf 83' lang='lat' dir='ltr'><strong>le</strong></span> <span class='ocrx_word' id='word_1_224' title='bbox 235 4038 268 4090; x_wconf 84' lang='lat' dir='ltr'><strong>l8</strong></span> <span class='ocrx_word' id='word_1_225' title='bbox 285 4032 352 4088; x_wconf 88' lang='lat' dir='ltr'><strong>avril</strong></span> <span class='ocrx_word' id='word_1_226' title='bbox 368 4038 448 4091; x_wconf 86' lang='grc'><strong>4448.</strong></span> <span class='ocrx_word' id='word_1_227' title='bbox 466 4037 566 4092; x_wconf 68' lang='lat' dir='ltr'><strong>C’titait</strong></span> <span class='ocrx_word' id='word_1_228' title='bbox 583 4038 607 4090; x_wconf 93' lang='lat' dir='ltr'><strong>le</strong></span> <span class='ocrx_word' id='word_1_229' title='bbox 623 4037 751 4110; x_wconf 80' lang='lat' dir='ltr'><strong>petit-[ils</strong></span> <span class='ocrx_word' id='word_1_230' title='bbox 768 4038 802 4091; x_wconf 90' lang='lat' dir='ltr'><strong>de</strong></span> <span class='ocrx_word' id='word_1_231' title='bbox 817 4036 1010 4109; x_wconf 72' lang='lat' dir='ltr'><strong>l’archeveque</strong></span> <span class='ocrx_word' id='word_1_232' title='bbox 1027 4033 1151 4098; x_wconf 86' lang='lat' dir='ltr'><strong>Robert,</strong></span> <span class='ocrx_word' id='word_1_233' title='bbox 1170 4044 1199 4088; x_wconf 90' lang='lat' dir='ltr'><strong>et</strong></span> <span class='ocrx_word' id='word_1_234' title='bbox 1213 4050 1268 4104; x_wconf 80' lang='lat' dir='ltr'><strong>par</strong></span> 
     </span>
     <span class='ocr_line' id='line_1_34' title="bbox 196 4122 1247 4197; baseline 0.004 -22"><span class='ocrx_word' id='word_1_235' title='bbox 196 4127 366 4197; x_wconf 74' lang='lat' dir='ltr'><strong>consequent</strong></span> <span class='ocrx_word' id='word_1_236' title='bbox 382 4124 406 4178; x_wconf 88' lang='lat' dir='ltr'><strong>le</strong></span> <span class='ocrx_word' id='word_1_237' title='bbox 419 4126 514 4179; x_wconf 86' lang='lat' dir='ltr'><strong>cousin</strong></span> <span class='ocrx_word' id='word_1_238' title='bbox 529 4127 585 4178; x_wconf 84' lang='lat' dir='ltr'><strong>issu</strong></span> <span class='ocrx_word' id='word_1_239' title='bbox 597 4124 631 4178; x_wconf 90' lang='lat' dir='ltr'><strong>de</strong></span> <span class='ocrx_word' id='word_1_240' title='bbox 646 4125 770 4196; x_wconf 86' lang='lat' dir='ltr'><strong>germain</strong></span> <span class='ocrx_word' id='word_1_241' title='bbox 784 4124 819 4179; x_wconf 91' lang='lat' dir='ltr'><strong>de</strong></span> <span class='ocrx_word' id='word_1_242' title='bbox 831 4122 1247 4195; x_wconf 76' lang='lat' dir='ltr'><strong>Guitlaume-te-Conquennt.</strong></span> 
     </span>
    </p>
   </div>
   <div class='ocr_carea' id='block_1_7' title="bbox 0 0 1448 4934">
    <p class='ocr_par' dir='ltr' id='par_1_8' title="bbox 0 0 1448 4934">
     <span class='ocr_line' id='line_1_35' title="bbox 0 0 1448 4934; baseline 0 1"><span class='ocrx_word' id='word_1_243' title='bbox 0 0 1448 4934; x_wconf 95' lang='lat' dir='ltr'><strong> </strong></span> 
     </span>
    </p>
   </div>
  </div>
 </body>
</html>
