2888 4934
190 389 297 465 {nan
523 386 638 446 nara
661 386 924 448 necaremus.
1185 388 1246 449 aaa

241 523 308 588 Rex
335 532 470 605 autem,
497 532 535 588 ut
560 544 720 591 rumores
744 518 990 615 hujuscemodi
1019 519 1172 606 audivit,
1200 519 1249 592 de-

190 631 495 704 PonteAldemari
512 657 594 703 cum
615 634 769 705 exercitu
790 657 856 704 sno
878 633 1027 703 Gisortis
1051 631 1252 725 festinavit„

189 749 311 847 ibique
324 763 450 821 contra
463 748 664 849 proditores
679 775 776 841 suos,
794 751 822 820 si
841 749 1007 847 reperiret
1023 773 1097 839 eos,
1118 750 1245 821 audac-

189 878 243 938 ter
268 865 417 962 praeliari
443 866 591 962 optavit.
620 869 752 936 Verum
775 866 842 954 illi,
870 879 909 936 ut
931 865 1242 962 triumphatorem,

189 1005 298 1078 quem
318 979 435 1053 adhuc
456 980 645 1052 obsidione
667 995 880 1080 occupatum
901 979 1091 1078 putabant,
1116 1005 1244 1079 prope·

190 1122 268 1170 rare
291 1110 560 1195 compererunt,
586 1122 668 1169 cum
692 1098 817 1168 timore
839 1113 875 1169 et
895 1096 1034 1184 labore,
1062 1094 1247 1193 multoque

189 1210 366 1283 dedecore
384 1210 561 1308 sugerunt.
584 1210 721 1281 Deinde
739 1211 922 1307 justiciarii
942 1211 1033 1306 regis
1053 1209 1246 1281 Ebroicen·

189 1349 264 1397 sem
284 1325 510 1397 consulatum
526 1340 561 1396 et
578 1351 703 1398 omnes
720 1325 850 1398 fundos
867 1325 1092 1424 proditorum
1109 1327 1247 1396 invase-

189 1454 291 1532 runt,
312 1456 347 1512 et
363 1441 526 1514 dominio
542 1442 633 1538 regis
650 1443 955 1540 mancipaverunt.
976 1446 1094 1539 Hugo‚
1115 1441 1247 1537 Pagani

190 1555 282 1628 filius
295 1559 363 1652 (i),
380 1583 465 1628 cum
480 1558 674 1656 Stephano,
688 1557 855 1630 Moritoiii
874 1556 1035 1648 consule,
1056 1571 1140 1627 tunc
1157 1571 1244 1646 erat,
1343 1607 1347 1621 .

188 1674 368 1770 patrisque
389 1673 442 1742 sui
467 1672 664 1745 facinorum
688 1675 845 1763 nescius,
871 1673 943 1768 regi
965 1671 1151 1743 serviebat.
1176 1677 1246 1744 Rex

189 1812 274 1883 crgo
298 1786 346 1859 itti
367 1801 554 1885 paternum
578 1790 755 1861 honorem
777 1789 968 1879 concessit,
994 1787 1247 1886 perjurumque

188 1927 309 1973 senem
330 1904 472 2000 penitus
492 1930 576 1975 eum
598 1905 767 1995 Hermio,
793 1902 867 1974 silio
891 1928 975 1992 suo,
1004 1900 1244 1974 exheredavit.

190 2016 325 2088 Exinde
348 2017 461 2090 ioedus
488 2019 588 2116 quod
611 2025 704 2118 Papa
729 2019 861 2092 nudius
886 2018 1011 2091 tertius
1035 2018 1246 2115 interreges

189 2133 386 2230 pepigerat,
418 2148 562 2233 ruptum
591 2151 664 2225 est,
692 2150 729 2207 et
755 2135 911 2207 rediviva
941 2156 1066 2229 guerra
1097 2131 1247 2204 feraliter

186 2247 412 2321 inardescens
428 2250 621 2348 utrobique
639 2266 761 2323 exorta
778 2264 841 2322 est.

236 2367 421 2435 xxxvttl.
441 2369 539 2437 Tunc
550 2364 666 2437 hiems
682 2363 844 2463 pluvialis
856 2377 942 2435 erat.
960 2366 1032 2435 Rex
1044 2377 1164 2436 autem
1177 2363 1248 2459 ple-

187 2476 287 2550 bium
306 2478 446 2552 labores
462 2494 497 2551 et
512 2482 703 2552 anxietates
723 2481 894 2567 discretus
910 2477 1163 2563 consideravit,
1181 2477 1247 2546 eis·

189 2617 275 2688 que,
299 2620 345 2667 ne
371 2596 477 2667 nimis
501 2595 631 2693 fatigati
652 2620 753 2667 more
772 2596 1017 2691 jumentorum
1038 2616 1109 2689 prae
1135 2590 1247 2663 nimio

186 2706 310 2780 labore
317 2710 550 2781 fatiscentium
557 2709 761 2798 deficerent,
772 2709 942 2807 pepercit.
955 2713 1048 2802 Ergo
1056 2720 1245 2804 postquam

188 2821 262 2891 duo
288 2823 522 2893 munitissima
544 2846 626 2893 cum
652 2821 917 2917 subjacentibus
939 2821 1059 2893 fundis
1080 2820 1244 2920 oppida:

190 2937 529 3010 Pontem-aidemari
546 2952 582 3008 et
597 2939 910 3010 [domem-Fortem
928 2924 1156 3029 obtinuitfin
1176 2937 1247 3008 xd-

188 3065 296 3121 ventu
306 3053 450 3124 Domini
461 3051 616 3150 populos
625 3055 661 3124 in
673 3077 760 3153 pace
770 3054 951 3151 quiescere
959 3053 1072 3150 jussit.
1086 3051 1246 3124 Familias

188 3188 273 3235 vero
286 3191 366 3237 suas
378 3191 461 3238 eum
475 3169 659 3267 praecipuis
670 3167 821 3240 ducibus
833 3194 898 3268 per
904 3167 1045 3240 castella
1055 3165 1257 3265 disposuit,-

187 3282 308 3377 eisque
321 3299 446 3356 contra
459 3283 644 3382 praedones
657 3284 802 3361 tutelam
815 3284 1083 3382 provinciarum
1095 3282 1244 3354 commi·

187 3397 242 3467 sit.
254 3402 343 3469 Nam
353 3398 568 3471 Rannulfum
576 3399 1035 3473 Baiocensemconstituitin
1045 3397 1250 3494 Ebroarum

188 3513 289 3600 turri,
304 3515 497 3586 Henricum
507 3539 606 3604 vero,
622 3514 780 3586 Goisleni
795 3514 840 3586 de
851 3520 1036 3587 Pomereto
1050 3514 1164 3587 filium
1174 3514 1241 3610 (2),

221 3840 260 3910 (t)
280 3840 380 3912 Hugue
394 3842 428 3896 de
440 3842 548 3910 Gisors,
566 3846 685 3915 premier
702 3845 740 3898 du
756 3864 836 3908 nom,
853 3845 997 3902 deuxit'me
1011 3846 1052 3901 fils
1063 3845 1098 3899 dc
1111 3840 1243 3897 Thibaud

186 3927 280 3981 Pa'r'en.
288 3928 406 3984 Crini-ci
415 3940 442 3984 et
451 3947 500 3984 son
510 3930 551 3986 fils
563 3931 638 3987 ainc':
650 3932 751 3998 Heme,
761 3951 788 3988 se
798 3937 945 3991 retirexcnt
957 3932 1165 4007 probablernent
1174 3929 1242 3990 dans

187 4014 245 4070 l'un
257 4016 292 4071 de
303 4017 378 4071 leurs
389 4021 542 4073 nombreux
556 4018 614 4074 ficis
626 4018 664 4073 du
680 4021 768 4075 Vexin
784 4022 920 4095 Franqais.

223 4107 261 4175 (ἲ)
278 4106 298 4160 ΙΙ
312 4108 423 4162 n'cxiste
440 4111 516 4180 point
529 4128 563 4163 cn
576 4109 747 4165 Norrnaudic
770 4110 804 4165 de
817 4111 873 4166 lieu
886 4111 981 4184 appele
994 4110 1148 4164 Pommerc'.
1164 4106 1186 4161 ll
1201 4117 1243 4161 cst
