2888 4934
187 425 292 504 [1102]
439 476 445 496 ,
529 420 647 480 LIBER
670 419 908 479 nubeculas.
1189 423 1247 480 177

189 555 285 628 abire
301 554 475 654 permisit,
491 553 700 650 salvumque
712 576 776 650 per
790 550 948 647 Angliam
964 551 1136 648 usquead
1150 577 1248 626 mare

189 671 407 744 conductum
427 672 598 769 porrexit.
625 670 751 740 Omnis
769 666 907 765 Anglia,
930 668 1094 740 esulante
1113 669 1250 742 crudeli

189 799 361 880 tyranno,
388 785 577 875 exultavit,
606 782 873 880 multorumque
896 782 1154 880 congratulatio
1175 785 1249 880 regi

190 902 342 974 ilenrico
368 915 455 973 tunc
480 900 662 973 adulando
687 899 776 971 dixit
794 926 802 968 :
823 897 958 986 Gaude,
988 923 1052 969 rex
1077 902 1246 986 Henrv'ce,

190 1020 409 1117 Dominoque
436 1023 513 1089 Deo
538 1019 676 1116 gratim
697 1040 778 1115 age,
811 1018 895 1114 qum
919 1029 957 1086 tu
985 1013 1091 1086 libem
1118 1016 1253 1111 coepirti

190 1159 353 1234 regnare,
378 1161 425 1206 ezr
448 1159 517 1233 quo
540 1132 749 1205 Rodbermm
772 1131 816 1203 de
837 1131 988 1202 Belisnw
1007 1133 1132 1218 vuenti,
1158 1128 1252 1202 etde

184 1249 318 1341 finibus
341 1253 444 1350 regni
467 1253 522 1321 tui
545 1250 724 1348 expulisti.
749 1255 882 1347 Fugato
905 1249 1025 1345 itaque
1050 1246 1249 1337 Rodberto,

190 1389 338 1462 regnum
375 1365 534 1438 ttbionis
568 1366 604 1436 in
638 1387 725 1464 pace
758 1364 876 1453 siluit,
914 1379 951 1437 et
982 1388 1045 1437 rex
1080 1364 1253 1437 lleuricus

191 1508 300 1555 mur
313 1484 416 1555 anuis
428 1506 600 1582 prospere
612 1483 785 1579 regnavit,
802 1480 932 1578 quibus
945 1481 983 1552 in
1000 1479 1123 1577 Anglia
1133 1479 1254 1552 nullus

191 1613 313 1696 postea
330 1596 502 1670 rebellare
522 1612 647 1672 contra
664 1622 747 1669 eum
768 1620 874 1668 ausus
894 1595 977 1685 fuit,
999 1619 1067 1667 nec
1087 1595 1254 1667 munitio-

192 1737 270 1786 nem
282 1694 578 1810 aliquflreoutra
590 1737 674 1785 eum
690 1712 815 1784 tenuit.
834 1710 1036 1782 Rodbertus
1052 1724 1186 1798 autern,
1202 1710 1254 1781 ira

192 1842 221 1900 et
232 1826 365 1900 dolore
377 1827 519 1926 plenus,
533 1828 569 1898 in
584 1829 782 1900 Neustriam
797 1827 1046 1916 transfretavit,
1062 1840 1097 1898 et
1110 1850 1256 1925 compa·

192 1941 312 2015 triotas
337 1966 442 2030 suos,
472 1944 535 2041 qui
560 1941 705 2015 mollem
732 1941 921 2014 domiuum
953 1941 1122 2038 adjuvare
1150 1966 1254 2013 suum

191 2058 252 2129 uisi
274 2058 435 2148 fuerant,
458 2042 651 2131 crudeliter
672 2058 817 2148 invasit,
841 2057 998 2164 caedibus
1021 2069 1056 2130 et
1081 2057 1255 2129 incendiis

191 2173 420 2247 vehementer
433 2177 647 2271 aggravavit.
667 2181 770 2264 Nam,
793 2176 883 2247 sicut
900 2175 1010 2248 draco
1028 2174 1100 2264 ille,
1120 2174 1254 2272 dequo

190 2291 380 2386 symmista
390 2289 572 2362 lohannes
583 2291 619 2362 in
631 2290 843 2390 Apocalypsi
855 2288 989 2378 scribit,
1007 2288 1053 2361 de
1067 2288 1158 2362 coelo
1172 2315 1256 2389 pro-

187 2403 318 2498 jectus,
339 2404 376 2475 in
394 2405 587 2501 terrigenas
610 2405 746 2478 rabiem
773 2429 873 2477 suam
898 2404 1053 2478 feraliter
1078 2406 1251 2495 exercuit,

190 2520 234 2590 tic
251 2542 367 2590 saevus
381 2518 520 2609 lanista,
544 2519 590 2591 de
609 2521 787 2592 Britannia
804 2519 957 2616 fugatus,
973 2521 1009 2590 in
1028 2523 1255 2602 Normannos

190 2632 403 2707 furibundus
420 2637 535 2707 irruit.
557 2640 651 2708 Rura
668 2662 813 2727 eorum,
835 2637 963 2735 praedis
981 2638 1144 2736 direptis,
1168 2637 1256 2732 igui-

190 2746 254 2821 bus
278 2749 531 2846 conflagravit,
559 2767 594 2823 et
618 2752 764 2842 milites,
795 2752 850 2824 vel
876 2752 981 2840 alios,
1011 2776 1102 2849 quos
1128 2775 1255 2848 capere

192 2865 346 2956 valebat,
372 2866 554 2964 usquead
578 2882 732 2940 mortem
757 2894 819 2940 seu
840 2868 1121 2940 debilitationem
1140 2892 1255 2938 mern-

191 2980 339 3056 brorum
366 2982 581 3056 cruciatibus
607 2985 742 3057 afflixit.
766 2990 876 3057 Tanta
904 2987 1064 3057 enimin
1092 2985 1154 3056 illo
1181 2996 1257 3058 erat

193 3099 336 3187 taevitia,
362 3113 402 3169 ut
424 3098 545 3170 mallet
561 3100 673 3198 captis
689 3100 819 3170 inferre
839 3115 1036 3189 tormenta,
1057 3125 1165 3198 quam
1187 3126 1255 3200 pro

194 3213 437 3313 tedeurptione
453 3214 598 3285 illorum
616 3214 728 3287 multa
744 3214 849 3287 ditari
866 3217 1031 3314 pecunia.

235 3332 411 3429 Rogerius
429 3331 629 3404 Pictavinus
651 3347 687 3404 et
704 3333 889 3420 Arnulfus,
912 3333 1036 3406 fratres
1060 3331 1252 3423 liodberti,

198 3444 361 3544 inAnglia
370 3448 519 3519 comites
531 3447 694 3546 opulenti
706 3463 821 3538 erant,
833 3449 1044 3546 comitisque
1057 3449 1197 3545 Rogerii
1207 3447 1254 3519 de

199 3561 497 3659 lloutegomerici,
523 3563 633 3660 patris
657 3564 728 3651 sui,
751 3566 1003 3662 procuratione
1025 3566 1162 3662 magnis
1184 3564 1252 3635 ho·

200 3677 337 3750 roribus
348 3677 543 3777 locupletes
556 3676 742 3777 pollebant
757 3680 826 3775 (f)
845 3681 1012 3751 Amulius
1029 3682 1125 3752 enim
1144 3679 1254 3752 filiam

203 3796 279 3890 tegis
291 3793 481 3885 Hiberniae,
494 3797 642 3866 nomine
656 3793 857 3882 lafracoth,
871 3820 1020 3867 uxorem
1035 3795 1173 3885 habuit,
1188 3820 1254 3892 per

233 4062 269 4125 (l)
279 4062 373 4133 Voyez
383 4083 414 4117 ce
423 4083 478 4137 que
491 4083 561 4118 nous
574 4082 657 4118 avons
669 4063 711 4117 dit
723 4064 862 4132 cidessus,
877 4064 895 4117 l.
908 4065 948 4132 X,
965 4085 993 4138 p.
1008 4070 1070 4136 toa,
1085 4083 1120 4118 au
1132 4062 1202 4132 sujet
1215 4061 1251 4115 de

209 4160 242 4200 ter
251 4147 319 4202 deux
332 4151 418 4207 freres
428 4152 463 4207 de
477 4153 569 4225 Roger
579 4153 613 4207 de
625 4153 755 4208 Bellemc.

268 4261 316 4309 tv.
1082 4244 1128 4311 42
