<?xml version="1.0" encoding="UTF-8"?>
<!DOCTYPE html PUBLIC "-//W3C//DTD XHTML 1.0 Transitional//EN"
    "http://www.w3.org/TR/xhtml1/DTD/xhtml1-transitional.dtd">
<html xmlns="http://www.w3.org/1999/xhtml" xml:lang="en" lang="en">
 <head>
  <title>
</title>
<meta http-equiv="Content-Type" content="text/html;charset=utf-8" />
  <meta name='ocr-system' content='tesseract 3.04.00' />
  <meta name='ocr-capabilities' content='ocr_page ocr_carea ocr_par ocr_line ocrx_word'/>
</head>
<body>
  <div class='ocr_page' id='page_1' title='image "./ordericivitalis07deligoog_0325.png"; bbox 0 0 2888 4934; ppageno 0'>
   <div class='ocr_carea' id='block_1_1' title="bbox 188 369 1240 452">
    <p class='ocr_par' dir='ltr' id='par_1_1' title="bbox 188 369 1240 452">
     <span class='ocr_line' id='line_1_1' title="bbox 188 369 1240 452; baseline -0.002 -15"><span class='ocrx_word' id='word_1_1' title='bbox 188 377 249 437; x_wconf 78' lang='lat' dir='ltr'>tta</span> <span class='ocrx_word' id='word_1_2' title='bbox 459 370 644 433; x_wconf 73' lang='lat' dir='ltr'><strong>HISTORIA</strong></span> <span class='ocrx_word' id='word_1_3' title='bbox 666 369 973 435; x_wconf 61' lang='lat' dir='ltr'>Bccttssttsrtct.</span> <span class='ocrx_word' id='word_1_4' title='bbox 1139 374 1240 452; x_wconf 79' lang='grc'><strong>[1111]</strong></span> 
     </span>
    </p>
   </div>
   <div class='ocr_carea' id='block_1_2' title="bbox 187 501 1264 3722">
    <p class='ocr_par' dir='ltr' id='par_1_2' title="bbox 188 501 1243 836">
     <span class='ocr_line' id='line_1_2' title="bbox 188 501 1243 603; baseline 0.001 -25"><span class='ocrx_word' id='word_1_5' title='bbox 188 506 352 581; x_wconf 83' lang='lat' dir='ltr'>ecclesias</span> <span class='ocrx_word' id='word_1_6' title='bbox 365 505 433 576; x_wconf 85' lang='lat' dir='ltr'>illis</span> <span class='ocrx_word' id='word_1_7' title='bbox 446 505 481 576; x_wconf 92' lang='lat' dir='ltr'>in</span> <span class='ocrx_word' id='word_1_8' title='bbox 494 501 901 602; x_wconf 77' lang='lat' dir='ltr'>partibusirnmoderata</span> <span class='ocrx_word' id='word_1_9' title='bbox 911 503 1156 603; x_wconf 83' lang='lat' dir='ltr'>superfluitate</span> <span class='ocrx_word' id='word_1_10' title='bbox 1166 506 1243 594; x_wconf 85' lang='lat' dir='ltr'>Qui·</span> 
     </span>
     <span class='ocr_line' id='line_1_3' title="bbox 188 618 1242 722; baseline -0.004 -25"><span class='ocrx_word' id='word_1_11' title='bbox 188 624 296 697; x_wconf 90' lang='lat' dir='ltr'>ritum</span> <span class='ocrx_word' id='word_1_12' title='bbox 312 621 516 722; x_wconf 84' lang='lat' dir='ltr'>opprimere</span> <span class='ocrx_word' id='word_1_13' title='bbox 532 620 655 718; x_wconf 87' lang='lat' dir='ltr'>coepit;</span> <span class='ocrx_word' id='word_1_14' title='bbox 673 618 737 692; x_wconf 92' lang='lat' dir='ltr'>sed</span> <span class='ocrx_word' id='word_1_15' title='bbox 752 619 825 691; x_wconf 90' lang='lat' dir='ltr'>cito</span> <span class='ocrx_word' id='word_1_16' title='bbox 841 619 953 692; x_wconf 84' lang='lat' dir='ltr'>instar</span> <span class='ocrx_word' id='word_1_17' title='bbox 967 619 1047 717; x_wconf 84' lang='lat' dir='ltr'>gelu</span> <span class='ocrx_word' id='word_1_18' title='bbox 1066 621 1242 712; x_wconf 82' lang='lat' dir='ltr'>matutini,</span> 
     </span>
     <span class='ocr_line' id='line_1_4' title="bbox 188 736 636 836; baseline -0.007 -26"><span class='ocrx_word' id='word_1_19' title='bbox 188 738 296 812; x_wconf 87' lang='lat' dir='ltr'>flante</span> <span class='ocrx_word' id='word_1_20' title='bbox 312 740 404 828; x_wconf 86' lang='lat' dir='ltr'>Deo,</span> <span class='ocrx_word' id='word_1_21' title='bbox 422 736 636 836; x_wconf 84' lang='lat' dir='ltr'>pertransiit.</span> 
     </span>
    </p>

    <p class='ocr_par' dir='ltr' id='par_1_3' title="bbox 187 850 1264 3722">
     <span class='ocr_line' id='line_1_5' title="bbox 235 850 1246 951; baseline 0.002 -27"><span class='ocrx_word' id='word_1_22' title='bbox 235 856 334 931; x_wconf 87' lang='lat' dir='ltr'>Tunc</span> <span class='ocrx_word' id='word_1_23' title='bbox 350 853 387 927; x_wconf 89' lang='lat' dir='ltr'>in</span> <span class='ocrx_word' id='word_1_24' title='bbox 406 852 584 924; x_wconf 78' lang='lat' dir='ltr'>Britannia</span> <span class='ocrx_word' id='word_1_25' title='bbox 601 850 745 924; x_wconf 87' lang='lat' dir='ltr'>cuidam</span> <span class='ocrx_word' id='word_1_26' title='bbox 759 851 912 943; x_wconf 89' lang='lat' dir='ltr'>mulieri,</span> <span class='ocrx_word' id='word_1_27' title='bbox 928 866 1009 950; x_wconf 84' lang='lat' dir='ltr'>post</span> <span class='ocrx_word' id='word_1_28' title='bbox 1023 866 1170 951; x_wconf 85' lang='lat' dir='ltr'>parturn</span> <span class='ocrx_word' id='word_1_29' title='bbox 1186 850 1246 933; x_wconf 72' lang='lat' dir='ltr'>‹te-</span> 
     </span>
     <span class='ocr_line' id='line_1_6' title="bbox 188 964 1247 1066; baseline 0.001 -26"><span class='ocrx_word' id='word_1_30' title='bbox 188 966 346 1060; x_wconf 82' lang='lat' dir='ltr'><strong>cubanti,</strong></span> <span class='ocrx_word' id='word_1_31' title='bbox 363 964 534 1039; x_wconf 84' lang='lat' dir='ltr'>Diabolos</span> <span class='ocrx_word' id='word_1_32' title='bbox 548 965 723 1065; x_wconf 88' lang='lat' dir='ltr'>apparuit,</span> <span class='ocrx_word' id='word_1_33' title='bbox 737 981 773 1041; x_wconf 89' lang='lat' dir='ltr'>et</span> <span class='ocrx_word' id='word_1_34' title='bbox 788 967 826 1041; x_wconf 90' lang='lat' dir='ltr'>in</span> <span class='ocrx_word' id='word_1_35' title='bbox 839 968 958 1066; x_wconf 82' lang='lat' dir='ltr'>speeie</span> <span class='ocrx_word' id='word_1_36' title='bbox 970 967 1037 1049; x_wconf 87' lang='lat' dir='ltr'>viri</span> <span class='ocrx_word' id='word_1_37' title='bbox 1052 969 1122 1060; x_wconf 85' lang='lat' dir='ltr'>sui,</span> <span class='ocrx_word' id='word_1_38' title='bbox 1141 991 1247 1066; x_wconf 75' lang='lat' dir='ltr'>aquo</span> 
     </span>
     <span class='ocr_line' id='line_1_7' title="bbox 187 1079 1248 1183; baseline 0.002 -28"><span class='ocrx_word' id='word_1_39' title='bbox 187 1084 338 1183; x_wconf 89' lang='lat' dir='ltr'>petierat</span> <span class='ocrx_word' id='word_1_40' title='bbox 352 1105 466 1172; x_wconf 83' lang='lat' dir='ltr'>escas,</span> <span class='ocrx_word' id='word_1_41' title='bbox 487 1079 624 1154; x_wconf 89' lang='lat' dir='ltr'>detulit.</span> <span class='ocrx_word' id='word_1_42' title='bbox 643 1081 706 1167; x_wconf 82' lang='lat' dir='ltr'>Illa</span> <span class='ocrx_word' id='word_1_43' title='bbox 722 1107 809 1156; x_wconf 87' lang='lat' dir='ltr'>vero</span> <span class='ocrx_word' id='word_1_44' title='bbox 828 1083 946 1181; x_wconf 87' lang='lat' dir='ltr'>specie</span> <span class='ocrx_word' id='word_1_45' title='bbox 963 1083 1081 1157; x_wconf 84' lang='lat' dir='ltr'>mariti</span> <span class='ocrx_word' id='word_1_46' title='bbox 1099 1083 1158 1156; x_wconf 86' lang='lat' dir='ltr'>sui</span> <span class='ocrx_word' id='word_1_47' title='bbox 1178 1083 1248 1178; x_wconf 60' lang='lat' dir='ltr'>risa,</span> 
     </span>
     <span class='ocr_line' id='line_1_8' title="bbox 188 1196 1247 1299; baseline -0.001 -28"><span class='ocrx_word' id='word_1_48' title='bbox 188 1197 338 1299; x_wconf 87' lang='lat' dir='ltr'>decepta</span> <span class='ocrx_word' id='word_1_49' title='bbox 351 1211 417 1289; x_wconf 82' lang='lat' dir='ltr'>eat,</span> <span class='ocrx_word' id='word_1_50' title='bbox 436 1211 471 1269; x_wconf 90' lang='lat' dir='ltr'>et</span> <span class='ocrx_word' id='word_1_51' title='bbox 484 1196 653 1290; x_wconf 90' lang='lat' dir='ltr'>comedit,</span> <span class='ocrx_word' id='word_1_52' title='bbox 670 1212 706 1271; x_wconf 89' lang='lat' dir='ltr'>et</span> <span class='ocrx_word' id='word_1_53' title='bbox 718 1197 776 1271; x_wconf 87' lang='lat' dir='ltr'>ille</span> <span class='ocrx_word' id='word_1_54' title='bbox 789 1212 872 1297; x_wconf 90' lang='lat' dir='ltr'>post</span> <span class='ocrx_word' id='word_1_55' title='bbox 884 1197 1077 1297; x_wconf 90' lang='lat' dir='ltr'>prandium</span> <span class='ocrx_word' id='word_1_56' title='bbox 1090 1197 1247 1285; x_wconf 56' lang='lat' dir='ltr'>evanui.</span> 
     </span>
     <span class='ocr_line' id='line_1_9' title="bbox 190 1312 1248 1412; baseline 0.003 -27"><span class='ocrx_word' id='word_1_57' title='bbox 190 1313 301 1391; x_wconf 84' lang='lat' dir='ltr'>Paulo</span> <span class='ocrx_word' id='word_1_58' title='bbox 324 1327 405 1412; x_wconf 90' lang='lat' dir='ltr'>post</span> <span class='ocrx_word' id='word_1_59' title='bbox 427 1313 482 1384; x_wconf 87' lang='lat' dir='ltr'>vir</span> <span class='ocrx_word' id='word_1_60' title='bbox 504 1313 579 1411; x_wconf 87' lang='lat' dir='ltr'>ejus</span> <span class='ocrx_word' id='word_1_61' title='bbox 603 1314 717 1406; x_wconf 85' lang='lat' dir='ltr'>venit,</span> <span class='ocrx_word' id='word_1_62' title='bbox 747 1312 846 1412; x_wconf 90' lang='lat' dir='ltr'>quod</span> <span class='ocrx_word' id='word_1_63' title='bbox 871 1315 1069 1412; x_wconf 83' lang='lat' dir='ltr'><strong>contigerat</strong></span> <span class='ocrx_word' id='word_1_64' title='bbox 1093 1313 1248 1407; x_wconf 77' lang='lat' dir='ltr'>audivit,</span> 
     </span>
     <span class='ocr_line' id='line_1_10' title="bbox 189 1427 1250 1529; baseline 0.002 -27"><span class='ocrx_word' id='word_1_65' title='bbox 189 1430 296 1504; x_wconf 88' lang='lat' dir='ltr'>nimis</span> <span class='ocrx_word' id='word_1_66' title='bbox 311 1429 464 1529; x_wconf 85' lang='lat' dir='ltr'>expavit,</span> <span class='ocrx_word' id='word_1_67' title='bbox 480 1454 523 1502; x_wconf 90' lang='lat' dir='ltr'>ac</span> <span class='ocrx_word' id='word_1_68' title='bbox 537 1428 745 1529; x_wconf 77' lang='lat' dir='ltr'>presbytero</span> <span class='ocrx_word' id='word_1_69' title='bbox 762 1427 892 1503; x_wconf 90' lang='lat' dir='ltr'>retulit.</span> <span class='ocrx_word' id='word_1_70' title='bbox 914 1430 1102 1528; x_wconf 74' lang='lat' dir='ltr'><strong>Presbyter</strong></span> <span class='ocrx_word' id='word_1_71' title='bbox 1114 1445 1250 1522; x_wconf 76' lang='lat' dir='ltr'>auten,</span> 
     </span>
     <span class='ocr_line' id='line_1_11' title="bbox 190 1544 1251 1644; baseline 0.003 -28"><span class='ocrx_word' id='word_1_72' title='bbox 190 1544 356 1616; x_wconf 88' lang='lat' dir='ltr'>invocato</span> <span class='ocrx_word' id='word_1_73' title='bbox 372 1545 520 1618; x_wconf 90' lang='lat' dir='ltr'>nomine</span> <span class='ocrx_word' id='word_1_74' title='bbox 537 1546 694 1639; x_wconf 88' lang='lat' dir='ltr'>Domini,</span> <span class='ocrx_word' id='word_1_75' title='bbox 710 1544 880 1617; x_wconf 83' lang='lat' dir='ltr'>seminam</span> <span class='ocrx_word' id='word_1_76' title='bbox 893 1546 1020 1643; x_wconf 83' lang='lat' dir='ltr'>tetigit,</span> <span class='ocrx_word' id='word_1_77' title='bbox 1034 1569 1130 1644; x_wconf 86' lang='lat' dir='ltr'>aqua</span> <span class='ocrx_word' id='word_1_78' title='bbox 1142 1545 1251 1619; x_wconf 86' lang='lat' dir='ltr'>bene-</span> 
     </span>
     <span class='ocr_line' id='line_1_12' title="bbox 192 1657 1254 1760; baseline 0.007 -30"><span class='ocrx_word' id='word_1_79' title='bbox 192 1657 287 1733; x_wconf 85' lang='lat' dir='ltr'>dicta</span> <span class='ocrx_word' id='word_1_80' title='bbox 305 1661 471 1760; x_wconf 79' lang='lat' dir='ltr'>aspersit,</span> <span class='ocrx_word' id='word_1_81' title='bbox 495 1673 547 1752; x_wconf 89' lang='lat' dir='ltr'>et,</span> <span class='ocrx_word' id='word_1_82' title='bbox 567 1659 596 1732; x_wconf 92' lang='lat' dir='ltr'>si</span> <span class='ocrx_word' id='word_1_83' title='bbox 611 1685 733 1733; x_wconf 86' lang='lat' dir='ltr'>rursus</span> <span class='ocrx_word' id='word_1_84' title='bbox 749 1659 893 1733; x_wconf 83' lang='lat' dir='ltr'>delusor</span> <span class='ocrx_word' id='word_1_85' title='bbox 909 1660 1112 1751; x_wconf 77' lang='lat' dir='ltr'>accederet,</span> <span class='ocrx_word' id='word_1_86' title='bbox 1131 1659 1254 1737; x_wconf 81' lang='lat' dir='ltr'>docuit</span> 
     </span>
     <span class='ocr_line' id='line_1_13' title="bbox 192 1761 1254 1874; baseline 0.003 -29"><span class='ocrx_word' id='word_1_87' title='bbox 192 1771 280 1871; x_wconf 90' lang='lat' dir='ltr'>quid</span> <span class='ocrx_word' id='word_1_88' title='bbox 295 1773 439 1847; x_wconf 88' lang='lat' dir='ltr'>diceret.</span> <span class='ocrx_word' id='word_1_89' title='bbox 460 1778 594 1848; x_wconf 88' lang='lat' dir='ltr'>lterum</span> <span class='ocrx_word' id='word_1_90' title='bbox 610 1774 741 1849; x_wconf 87' lang='lat' dir='ltr'>Sathan</span> <span class='ocrx_word' id='word_1_91' title='bbox 758 1761 870 1866; x_wconf 82' lang='lat' dir='ltr'>venit,</span> <span class='ocrx_word' id='word_1_92' title='bbox 888 1789 924 1847; x_wconf 90' lang='lat' dir='ltr'>et</span> <span class='ocrx_word' id='word_1_93' title='bbox 939 1775 999 1847; x_wconf 91' lang='lat' dir='ltr'>illa</span> <span class='ocrx_word' id='word_1_94' title='bbox 1011 1774 1113 1874; x_wconf 91' lang='lat' dir='ltr'>quod</span> <span class='ocrx_word' id='word_1_95' title='bbox 1127 1774 1254 1857; x_wconf 74' lang='lat' dir='ltr'>edocta</span> 
     </span>
     <span class='ocr_line' id='line_1_14' title="bbox 193 1890 1256 1992; baseline 0.001 -29"><span class='ocrx_word' id='word_1_96' title='bbox 193 1890 308 1964; x_wconf 85' lang='lat' dir='ltr'>fuerat</span> <span class='ocrx_word' id='word_1_97' title='bbox 327 1892 507 1990; x_wconf 82' lang='lat' dir='ltr'>inquisivit</span> <span class='ocrx_word' id='word_1_98' title='bbox 526 1919 534 1964; x_wconf 74' lang='grc' dir='ltr'><strong>ε</strong></span> <span class='ocrx_word' id='word_1_99' title='bbox 555 1894 712 1979; x_wconf 85' lang='lat' dir='ltr'>Nimius,</span> <span class='ocrx_word' id='word_1_100' title='bbox 737 1892 872 1990; x_wconf 90' lang='lat' dir='ltr'>inquit,</span> <span class='ocrx_word' id='word_1_101' title='bbox 896 1909 1032 1980; x_wconf 82' lang='lat' dir='ltr'>ventus,</span> <span class='ocrx_word' id='word_1_102' title='bbox 1056 1895 1122 1992; x_wconf 82' lang='lat' dir='ltr'>qui</span> <span class='ocrx_word' id='word_1_103' title='bbox 1143 1916 1256 1989; x_wconf 83' lang='lat' dir='ltr'>nuper</span> 
     </span>
     <span class='ocr_line' id='line_1_15' title="bbox 194 2006 1256 2105; baseline -0.001 -28"><span class='ocrx_word' id='word_1_104' title='bbox 194 2021 278 2105; x_wconf 82' lang='lat' dir='ltr'>ante</span> <span class='ocrx_word' id='word_1_105' title='bbox 295 2007 427 2079; x_wconf 75' lang='lat' dir='ltr'>Natabe</span> <span class='ocrx_word' id='word_1_106' title='bbox 443 2010 591 2080; x_wconf 80' lang='lat' dir='ltr'>Domini</span> <span class='ocrx_word' id='word_1_107' title='bbox 605 2006 807 2080; x_wconf 78' lang='lat' dir='ltr'>terribiliter</span> <span class='ocrx_word' id='word_1_108' title='bbox 817 2009 1019 2104; x_wconf 79' lang='lat' dir='ltr'>personuit,</span> <span class='ocrx_word' id='word_1_109' title='bbox 1040 2021 1077 2078; x_wconf 90' lang='lat' dir='ltr'>et</span> <span class='ocrx_word' id='word_1_110' title='bbox 1091 2031 1160 2077; x_wconf 85' lang='lat' dir='ltr'>nos</span> <span class='ocrx_word' id='word_1_111' title='bbox 1171 2029 1256 2104; x_wconf 77' lang='lat' dir='ltr'>gra·</span> 
     </span>
     <span class='ocr_line' id='line_1_16' title="bbox 198 2118 1258 2222; baseline 0 -32"><span class='ocrx_word' id='word_1_112' title='bbox 198 2123 284 2194; x_wconf 84' lang='lat' dir='ltr'>viter</span> <span class='ocrx_word' id='word_1_113' title='bbox 307 2125 516 2219; x_wconf 79' lang='lat' dir='ltr'>perterruit,</span> <span class='ocrx_word' id='word_1_114' title='bbox 547 2123 635 2222; x_wconf 84' lang='lat' dir='ltr'>quid</span> <span class='ocrx_word' id='word_1_115' title='bbox 655 2121 861 2221; x_wconf 78' lang='lat' dir='ltr'>portendit?</span> <span class='ocrx_word' id='word_1_116' title='bbox 894 2120 1040 2219; x_wconf 82' lang='lat' dir='ltr'>Templo</span> <span class='ocrx_word' id='word_1_117' title='bbox 1067 2118 1258 2219; x_wconf 67' lang='lat' dir='ltr'>domosque</span> 
     </span>
     <span class='ocr_line' id='line_1_17' title="bbox 196 2233 1259 2336; baseline 0.002 -32"><span class='ocrx_word' id='word_1_118' title='bbox 196 2233 339 2323; x_wconf 79' lang='lat' dir='ltr'>detexit,</span> <span class='ocrx_word' id='word_1_119' title='bbox 359 2253 396 2307; x_wconf 90' lang='lat' dir='ltr'>et</span> <span class='ocrx_word' id='word_1_120' title='bbox 399 2235 554 2336; x_wconf 79' lang='lat' dir='ltr'>furn&#39;gia</span> <span class='ocrx_word' id='word_1_121' title='bbox 568 2241 720 2309; x_wconf 85' lang='lat' dir='ltr'>turrium</span> <span class='ocrx_word' id='word_1_122' title='bbox 734 2237 873 2335; x_wconf 72' lang='lat' dir='ltr'>desecit,</span> <span class='ocrx_word' id='word_1_123' title='bbox 890 2253 927 2307; x_wconf 87' lang='lat' dir='ltr'>et</span> <span class='ocrx_word' id='word_1_124' title='bbox 941 2240 1133 2322; x_wconf 65' lang='lat' dir='ltr'>innumero</span> <span class='ocrx_word' id='word_1_125' title='bbox 1143 2233 1259 2331; x_wconf 50' lang='lat' dir='ltr'>sylem,-</span> 
     </span>
     <span class='ocr_line' id='line_1_18' title="bbox 199 2349 1259 2449; baseline 0.002 -30"><span class='ocrx_word' id='word_1_126' title='bbox 199 2374 279 2420; x_wconf 88' lang='lat' dir='ltr'>rum</span> <span class='ocrx_word' id='word_1_127' title='bbox 302 2349 428 2422; x_wconf 88' lang='lat' dir='ltr'>robora</span> <span class='ocrx_word' id='word_1_128' title='bbox 447 2355 653 2449; x_wconf 80' lang='lat' dir='ltr'>prostravit.</span> <span class='ocrx_word' id='word_1_129' title='bbox 682 2357 725 2425; x_wconf 81' lang='lat' dir='ltr'>At</span> <span class='ocrx_word' id='word_1_130' title='bbox 748 2352 807 2426; x_wconf 89' lang='lat' dir='ltr'>ille</span> <span class='ocrx_word' id='word_1_131' title='bbox 833 2353 908 2424; x_wconf 90' lang='lat' dir='ltr'>ait:</span> <span class='ocrx_word' id='word_1_132' title='bbox 931 2357 1118 2423; x_wconf 82' lang='lat' dir='ltr'>Decretum</span> <span class='ocrx_word' id='word_1_133' title='bbox 1134 2349 1216 2447; x_wconf 77' lang='lat' dir='ltr'>ficit</span> <span class='ocrx_word' id='word_1_134' title='bbox 1235 2375 1259 2421; x_wconf 85' lang='lat' dir='ltr'><strong><em>a</em></strong></span> 
     </span>
     <span class='ocr_line' id='line_1_19' title="bbox 198 2464 1260 2568; baseline 0.003 -33"><span class='ocrx_word' id='word_1_135' title='bbox 198 2467 364 2552; x_wconf 87' lang='lat' dir='ltr'>Domino,</span> <span class='ocrx_word' id='word_1_136' title='bbox 382 2484 421 2538; x_wconf 89' lang='lat' dir='ltr'>ut</span> <span class='ocrx_word' id='word_1_137' title='bbox 430 2492 562 2567; x_wconf 80' lang='lat' dir='ltr'>nragrm</span> <span class='ocrx_word' id='word_1_138' title='bbox 567 2474 703 2568; x_wconf 85' lang='lat' dir='ltr'>periret</span> <span class='ocrx_word' id='word_1_139' title='bbox 713 2469 895 2542; x_wconf 81' lang='lat' dir='ltr'>bominum</span> <span class='ocrx_word' id='word_1_140' title='bbox 898 2470 1030 2566; x_wconf 81' lang='lat' dir='ltr'>portt&#39;o.</span> <span class='ocrx_word' id='word_1_141' title='bbox 1045 2464 1119 2539; x_wconf 86' lang='lat' dir='ltr'>Sed</span> <span class='ocrx_word' id='word_1_142' title='bbox 1126 2466 1260 2563; x_wconf 68' lang='lat' dir='ltr'>efficax</span> 
     </span>
     <span class='ocr_line' id='line_1_20' title="bbox 199 2580 1259 2681; baseline 0.005 -29"><span class='ocrx_word' id='word_1_143' title='bbox 199 2583 416 2678; x_wconf 89' lang='lat' dir='ltr'>Superorum</span> <span class='ocrx_word' id='word_1_144' title='bbox 432 2580 580 2655; x_wconf 84' lang='lat' dir='ltr'>obtinuit</span> <span class='ocrx_word' id='word_1_145' title='bbox 594 2584 804 2681; x_wconf 73' lang='lat' dir='ltr'>supplicatio</span> <span class='ocrx_word' id='word_1_146' title='bbox 823 2600 864 2655; x_wconf 90' lang='lat' dir='ltr'>ut</span> <span class='ocrx_word' id='word_1_147' title='bbox 880 2597 1089 2681; x_wconf 82' lang='lat' dir='ltr'>parceretur</span> <span class='ocrx_word' id='word_1_148' title='bbox 1105 2581 1259 2657; x_wconf 78' lang='lat' dir='ltr'>bomini·</span> 
     </span>
     <span class='ocr_line' id='line_1_21' title="bbox 199 2691 1261 2798; baseline 0.002 -33"><span class='ocrx_word' id='word_1_149' title='bbox 199 2694 274 2784; x_wconf 87' lang='lat' dir='ltr'>bus,</span> <span class='ocrx_word' id='word_1_150' title='bbox 289 2712 327 2768; x_wconf 90' lang='lat' dir='ltr'>et</span> <span class='ocrx_word' id='word_1_151' title='bbox 336 2696 456 2796; x_wconf 80' lang='lat' dir='ltr'>lapsus</span> <span class='ocrx_word' id='word_1_152' title='bbox 467 2700 590 2798; x_wconf 82' lang='lat' dir='ltr'>ingens</span> <span class='ocrx_word' id='word_1_153' title='bbox 601 2701 799 2772; x_wconf 85' lang='lat' dir='ltr'>immineret</span> <span class='ocrx_word' id='word_1_154' title='bbox 809 2696 1000 2770; x_wconf 82' lang='lat' dir='ltr'>arboribus.</span> <span class='ocrx_word' id='word_1_155' title='bbox 1016 2691 1261 2768; x_wconf 77' lang='lat' dir='ltr'>Fornu&#39;dando</span> 
     </span>
     <span class='ocr_line' id='line_1_22' title="bbox 201 2813 1261 2910; baseline 0.002 -27"><span class='ocrx_word' id='word_1_156' title='bbox 201 2829 323 2885; x_wconf 85' lang='lat' dir='ltr'>tamen</span> <span class='ocrx_word' id='word_1_157' title='bbox 333 2830 417 2886; x_wconf 84' lang='lat' dir='ltr'>unte</span> <span class='ocrx_word' id='word_1_158' title='bbox 428 2830 498 2886; x_wconf 87' lang='lat' dir='ltr'>tres</span> <span class='ocrx_word' id='word_1_159' title='bbox 511 2817 704 2888; x_wconf 85' lang='lat' dir='ltr'>eritannos</span> <span class='ocrx_word' id='word_1_160' title='bbox 714 2819 752 2887; x_wconf 92' lang='lat' dir='ltr'>in</span> <span class='ocrx_word' id='word_1_161' title='bbox 765 2831 862 2886; x_wconf 85' lang='lat' dir='ltr'>terra</span> <span class='ocrx_word' id='word_1_162' title='bbox 880 2813 1070 2899; x_wconf 75' lang='lat' dir='ltr'>tribulatio,</span> <span class='ocrx_word' id='word_1_163' title='bbox 1090 2828 1127 2882; x_wconf 86' lang='lat' dir='ltr'>et</span> <span class='ocrx_word' id='word_1_164' title='bbox 1137 2833 1261 2910; x_wconf 79' lang='lat' dir='ltr'>quam·</span> 
     </span>
     <span class='ocr_line' id='line_1_23' title="bbox 197 2927 1262 3029; baseline -0.001 -30"><span class='ocrx_word' id='word_1_165' title='bbox 197 2929 363 3026; x_wconf 78' lang='lat' dir='ltr'>plurimae</span> <span class='ocrx_word' id='word_1_166' title='bbox 390 2930 553 3003; x_wconf 87' lang='lat' dir='ltr'>sublimes</span> <span class='ocrx_word' id='word_1_167' title='bbox 576 2958 738 3029; x_wconf 73' lang='lat' dir='ltr'>personae</span> <span class='ocrx_word' id='word_1_168' title='bbox 766 2930 988 3004; x_wconf 85' lang='lat' dir='ltr'>succumbent</span> <span class='ocrx_word' id='word_1_169' title='bbox 1015 2927 1168 3000; x_wconf 67' lang='lat' dir='ltr'>excidio.</span> <span class='ocrx_word' id='word_1_170' title='bbox 1200 2927 1262 2999; x_wconf 80' lang='lat' dir='ltr'>rtis</span> 
     </span>
     <span class='ocr_line' id='line_1_24' title="bbox 202 3043 1262 3144; baseline -0.001 -30"><span class='ocrx_word' id='word_1_171' title='bbox 202 3043 317 3135; x_wconf 87' lang='lat' dir='ltr'>dictis,</span> <span class='ocrx_word' id='word_1_172' title='bbox 337 3045 464 3117; x_wconf 89' lang='lat' dir='ltr'>mulier</span> <span class='ocrx_word' id='word_1_173' title='bbox 482 3070 611 3144; x_wconf 89' lang='lat' dir='ltr'>aquam</span> <span class='ocrx_word' id='word_1_174' title='bbox 627 3046 853 3119; x_wconf 82' lang='lat' dir='ltr'>benedictam</span> <span class='ocrx_word' id='word_1_175' title='bbox 869 3045 1007 3144; x_wconf 85' lang='lat' dir='ltr'>sparsit,</span> <span class='ocrx_word' id='word_1_176' title='bbox 1028 3058 1064 3115; x_wconf 90' lang='lat' dir='ltr'>et</span> <span class='ocrx_word' id='word_1_177' title='bbox 1082 3068 1169 3114; x_wconf 84' lang='lat' dir='ltr'>mox</span> <span class='ocrx_word' id='word_1_178' title='bbox 1185 3046 1262 3114; x_wconf 78' lang='lat' dir='ltr'>1)ae-</span> 
     </span>
     <span class='ocr_line' id='line_1_25' title="bbox 202 3155 1262 3260; baseline -0.003 -29"><span class='ocrx_word' id='word_1_179' title='bbox 202 3182 289 3231; x_wconf 86' lang='lat' dir='ltr'>mon</span> <span class='ocrx_word' id='word_1_180' title='bbox 312 3163 469 3232; x_wconf 88' lang='lat' dir='ltr'>evanuit.</span> <span class='ocrx_word' id='word_1_181' title='bbox 493 3161 632 3234; x_wconf 90' lang='lat' dir='ltr'>Eodem</span> <span class='ocrx_word' id='word_1_182' title='bbox 653 3177 828 3260; x_wconf 87' lang='lat' dir='ltr'>ternpore,</span> <span class='ocrx_word' id='word_1_183' title='bbox 853 3173 1054 3233; x_wconf 89' lang='lat' dir='ltr'>monstrum</span> <span class='ocrx_word' id='word_1_184' title='bbox 1075 3159 1113 3229; x_wconf 90' lang='lat' dir='ltr'>in</span> <span class='ocrx_word' id='word_1_185' title='bbox 1138 3155 1262 3254; x_wconf 71' lang='lat' dir='ltr'>Anglii</span> 
     </span>
     <span class='ocr_line' id='line_1_26' title="bbox 201 3273 1263 3376; baseline 0.001 -34"><span class='ocrx_word' id='word_1_186' title='bbox 201 3273 318 3344; x_wconf 76' lang='lat' dir='ltr'>visam</span> <span class='ocrx_word' id='word_1_187' title='bbox 345 3290 409 3347; x_wconf 89' lang='lat' dir='ltr'>est.</span> <span class='ocrx_word' id='word_1_188' title='bbox 438 3276 543 3375; x_wconf 81' lang='lat' dir='ltr'>Apud</span> <span class='ocrx_word' id='word_1_189' title='bbox 569 3276 647 3349; x_wconf 88' lang='lat' dir='ltr'>Heli</span> <span class='ocrx_word' id='word_1_190' title='bbox 673 3277 877 3376; x_wconf 86' lang='lat' dir='ltr'>aquodam</span> <span class='ocrx_word' id='word_1_191' title='bbox 905 3275 1038 3346; x_wconf 87' lang='lat' dir='ltr'>rustico</span> <span class='ocrx_word' id='word_1_192' title='bbox 1065 3287 1188 3371; x_wconf 84' lang='lat' dir='ltr'>empta</span> <span class='ocrx_word' id='word_1_193' title='bbox 1210 3284 1263 3344; x_wconf 81' lang='lat' dir='ltr'>est</span> 
     </span>
     <span class='ocr_line' id='line_1_27' title="bbox 202 3386 1264 3490; baseline 0 -31"><span class='ocrx_word' id='word_1_194' title='bbox 202 3413 387 3486; x_wconf 80' lang='lat' dir='ltr'>praegoans</span> <span class='ocrx_word' id='word_1_195' title='bbox 397 3416 518 3481; x_wconf 87' lang='lat' dir='ltr'>vacca,</span> <span class='ocrx_word' id='word_1_196' title='bbox 530 3408 565 3464; x_wconf 89' lang='lat' dir='ltr'>et</span> <span class='ocrx_word' id='word_1_197' title='bbox 574 3394 675 3490; x_wconf 84' lang='lat' dir='ltr'>jussu</span> <span class='ocrx_word' id='word_1_198' title='bbox 689 3394 815 3466; x_wconf 91' lang='lat' dir='ltr'>Hervei</span> <span class='ocrx_word' id='word_1_199' title='bbox 826 3392 991 3480; x_wconf 90' lang='lat' dir='ltr'>Britonis,</span> <span class='ocrx_word' id='word_1_200' title='bbox 1004 3388 1165 3485; x_wconf 89' lang='lat' dir='ltr'>ejusdem</span> <span class='ocrx_word' id='word_1_201' title='bbox 1176 3386 1264 3459; x_wconf 87' lang='lat' dir='ltr'>dioe·</span> 
     </span>
     <span class='ocr_line' id='line_1_28' title="bbox 202 3502 1263 3607; baseline 0 -34"><span class='ocrx_word' id='word_1_202' title='bbox 202 3504 290 3574; x_wconf 87' lang='lat' dir='ltr'>cesis</span> <span class='ocrx_word' id='word_1_203' title='bbox 306 3506 492 3607; x_wconf 86' lang='lat' dir='ltr'>episcopi(</span> <span class='ocrx_word' id='word_1_204' title='bbox 519 3508 547 3604; x_wconf 90' lang='lat'>),</span> <span class='ocrx_word' id='word_1_205' title='bbox 570 3523 722 3581; x_wconf 91' lang='lat' dir='ltr'>mactata</span> <span class='ocrx_word' id='word_1_206' title='bbox 740 3523 793 3580; x_wconf 91' lang='lat' dir='ltr'>est</span> <span class='ocrx_word' id='word_1_207' title='bbox 813 3523 848 3580; x_wconf 88' lang='lat' dir='ltr'>et</span> <span class='ocrx_word' id='word_1_208' title='bbox 868 3521 1001 3605; x_wconf 87' lang='lat' dir='ltr'>aperta.</span> <span class='ocrx_word' id='word_1_209' title='bbox 1023 3502 1106 3594; x_wconf 90' lang='lat' dir='ltr'>Sed,</span> <span class='ocrx_word' id='word_1_210' title='bbox 1129 3503 1263 3575; x_wconf 89' lang='lat' dir='ltr'>mirum</span> 
     </span>
     <span class='ocr_line' id='line_1_29' title="bbox 202 3615 1264 3722; baseline 0 -34"><span class='ocrx_word' id='word_1_211' title='bbox 202 3615 316 3690; x_wconf 75' lang='lat' dir='ltr'>dictu!</span> <span class='ocrx_word' id='word_1_212' title='bbox 339 3635 410 3693; x_wconf 86' lang='lat' dir='ltr'>tres</span> <span class='ocrx_word' id='word_1_213' title='bbox 427 3623 574 3720; x_wconf 90' lang='lat' dir='ltr'>porcelli</span> <span class='ocrx_word' id='word_1_214' title='bbox 590 3649 657 3722; x_wconf 91' lang='lat' dir='ltr'>pro</span> <span class='ocrx_word' id='word_1_215' title='bbox 676 3623 788 3695; x_wconf 89' lang='lat' dir='ltr'>vitulo</span> <span class='ocrx_word' id='word_1_216' title='bbox 806 3623 935 3718; x_wconf 90' lang='lat' dir='ltr'>reperti</span> <span class='ocrx_word' id='word_1_217' title='bbox 954 3620 1089 3692; x_wconf 89' lang='lat' dir='ltr'>suntin</span> <span class='ocrx_word' id='word_1_218' title='bbox 1108 3642 1163 3689; x_wconf 87' lang='lat' dir='ltr'>ea.</span> <span class='ocrx_word' id='word_1_219' title='bbox 1186 3622 1264 3689; x_wconf 87' lang='lat' dir='ltr'>Hoc</span> 
     </span>
    </p>
   </div>
   <div class='ocr_carea' id='block_1_3' title="bbox 201 3916 1265 4188">
    <p class='ocr_par' dir='ltr' id='par_1_4' title="bbox 201 3916 1265 4188">
     <span class='ocr_line' id='line_1_30' title="bbox 237 3916 1265 4011; baseline -0.008 -19"><span class='ocrx_word' id='word_1_220' title='bbox 237 3935 275 4007; x_wconf 82' lang='lat' dir='ltr'>(t)</span> <span class='ocrx_word' id='word_1_221' title='bbox 296 3936 387 3990; x_wconf 78' lang='lat' dir='ltr'>Hcrve</span> <span class='ocrx_word' id='word_1_222' title='bbox 406 3934 430 3989; x_wconf 86' lang='lat' dir='ltr'>le</span> <span class='ocrx_word' id='word_1_223' title='bbox 448 3935 565 4003; x_wconf 87' lang='lat' dir='ltr'>Breton,</span> <span class='ocrx_word' id='word_1_224' title='bbox 585 3936 700 3992; x_wconf 88' lang='lat' dir='ltr'>d’abord</span> <span class='ocrx_word' id='word_1_225' title='bbox 716 3937 819 4011; x_wconf 71' lang='lat' dir='ltr'>ireque</span> <span class='ocrx_word' id='word_1_226' title='bbox 835 3936 870 3992; x_wconf 91' lang='lat' dir='ltr'>de</span> <span class='ocrx_word' id='word_1_227' title='bbox 888 3938 1008 4008; x_wconf 82' lang='lat' dir='ltr'>Bangor,</span> <span class='ocrx_word' id='word_1_228' title='bbox 1028 3932 1168 3988; x_wconf 63' lang='lat' dir='ltr'>transiere</span> <span class='ocrx_word' id='word_1_229' title='bbox 1185 3916 1265 4001; x_wconf 67' lang='grc'><strong>1111]</strong></span> 
     </span>
     <span class='ocr_line' id='line_1_31' title="bbox 201 4020 1264 4095; baseline -0.008 -15"><span class='ocrx_word' id='word_1_230' title='bbox 201 4046 235 4080; x_wconf 85' lang='lat' dir='ltr'>en</span> <span class='ocrx_word' id='word_1_231' title='bbox 251 4031 334 4092; x_wconf 78' lang='grc'><strong>11119,</strong></span> <span class='ocrx_word' id='word_1_232' title='bbox 354 4036 468 4079; x_wconf 89' lang='lat' dir='ltr'>mourut</span> <span class='ocrx_word' id='word_1_233' title='bbox 482 4023 508 4078; x_wconf 85' lang='lat' dir='ltr'>ie</span> <span class='ocrx_word' id='word_1_234' title='bbox 526 4030 559 4082; x_wconf 81' lang='lat'>30</span> <span class='ocrx_word' id='word_1_235' title='bbox 576 4025 641 4081; x_wconf 80' lang='lat' dir='ltr'>aorit</span> <span class='ocrx_word' id='word_1_236' title='bbox 659 4031 736 4084; x_wconf 86' lang='grc'><strong>1131.</strong></span> <span class='ocrx_word' id='word_1_237' title='bbox 758 4028 813 4082; x_wconf 91' lang='lat' dir='ltr'>Sur</span> <span class='ocrx_word' id='word_1_238' title='bbox 826 4026 864 4080; x_wconf 87' lang='lat' dir='ltr'>les</span> <span class='ocrx_word' id='word_1_239' title='bbox 881 4023 1044 4080; x_wconf 74' lang='lat' dir='ltr'>demarches</span> <span class='ocrx_word' id='word_1_240' title='bbox 1055 4020 1125 4095; x_wconf 84' lang='lat' dir='ltr'>qu&#39;il</span> <span class='ocrx_word' id='word_1_241' title='bbox 1144 4020 1177 4077; x_wconf 82' lang='lat' dir='ltr'>fit</span> <span class='ocrx_word' id='word_1_242' title='bbox 1192 4035 1264 4094; x_wconf 86' lang='lat' dir='ltr'>pour</span> 
     </span>
     <span class='ocr_line' id='line_1_32' title="bbox 202 4113 987 4188; baseline 0.003 -20"><span class='ocrx_word' id='word_1_243' title='bbox 202 4116 313 4171; x_wconf 86' lang='lat' dir='ltr'>obtenir</span> <span class='ocrx_word' id='word_1_244' title='bbox 326 4114 351 4169; x_wconf 84' lang='lat' dir='ltr'>ie</span> <span class='ocrx_word' id='word_1_245' title='bbox 365 4113 438 4187; x_wconf 76' lang='lat' dir='ltr'>siege</span> <span class='ocrx_word' id='word_1_246' title='bbox 450 4113 485 4169; x_wconf 90' lang='lat' dir='ltr'>dc</span> <span class='ocrx_word' id='word_1_247' title='bbox 499 4114 621 4183; x_wconf 86' lang='lat' dir='ltr'>Lisienx,</span> <span class='ocrx_word' id='word_1_248' title='bbox 636 4134 696 4188; x_wconf 84' lang='lat' dir='ltr'>roy.</span> <span class='ocrx_word' id='word_1_249' title='bbox 711 4113 774 4186; x_wconf 86' lang='lat' dir='ltr'>plus</span> <span class='ocrx_word' id='word_1_250' title='bbox 785 4114 867 4180; x_wconf 86' lang='lat' dir='ltr'>haut,</span> <span class='ocrx_word' id='word_1_251' title='bbox 885 4132 912 4187; x_wconf 92' lang='lat' dir='ltr'>p.</span> <span class='ocrx_word' id='word_1_252' title='bbox 925 4115 987 4173; x_wconf 64' lang='grc'><strong>171.</strong></span> 
     </span>
    </p>
   </div>
   <div class='ocr_carea' id='block_1_4' title="bbox 0 0 1469 4934">
    <p class='ocr_par' dir='ltr' id='par_1_5' title="bbox 0 0 1469 4934">
     <span class='ocr_line' id='line_1_33' title="bbox 0 0 1469 4934; baseline 0 0"><span class='ocrx_word' id='word_1_253' title='bbox 0 0 1469 4934; x_wconf 95' lang='lat' dir='ltr'> </span> 
     </span>
    </p>
   </div>
  </div>
 </body>
</html>
