2888 4934
190 400 249 462 488
463 395 648 456 HISTORIA
670 396 975 459 Eccttstesttct.

190 538 313 604 Fertur
333 528 431 625 quod
455 529 622 599 Merlinus
650 528 706 626 (t)
729 531 969 627 Guortigemo
999 530 1253 601 monstraverit

192 661 355 742 stagnum
374 646 410 715 in
428 644 548 717 medio
564 646 787 742 pavimento,
806 661 843 718 et
858 647 895 718 in
911 660 1037 744 stagno
1054 646 1130 718 duo
1148 668 1251 731 vasa,

190 777 226 834 et
258 761 292 831 in
322 759 411 831 vnsis
441 761 636 830 tentorium
665 761 938 859 complicatum,
964 775 1001 833 et
1027 761 1066 832 in
1094 760 1252 832 tentorio

192 876 284 948 duos
317 899 478 969 permes,
517 899 672 973 quorum
709 900 803 948 unus
839 890 914 950 erat
950 875 1055 950 albus
1092 890 1131 948 et
1165 874 1254 946 alter

190 991 303 1062 rusus.
330 990 400 1078 Qui
429 1015 513 1061 mox
536 990 733 1065 admodum
757 1008 966 1086 creverunt,
996 1007 1053 1085 et,
1078 990 1253 1064 dracones

191 1104 290 1193 facti,
312 1119 439 1176 mutuo
461 1103 651 1177 crudeliter
667 1122 927 1204 pugnaverunt.
945 1107 1106 1179 Tandem
1122 1103 1253 1176 rubeus

190 1305 284 1371 rieux,
299 1304 325 1358 ie
336 1306 536 1361 commentaire
546 1307 657 1363 d'Aiain
668 1307 704 1364 de
714 1308 797 1376 lille,
810 1311 941 1383 imprime
952 1313 967 1364 i
978 1308 1127 1364 Franciort
1138 1326 1173 1363 en
1185 1308 1252 1364 4604

190 1404 221 1448 et
232 1395 312 1460 ibib,
326 1404 355 1448 et
366 1392 392 1447 la
404 1394 572 1467 paraphrase
583 1414 619 1452 en
630 1414 690 1452 vers
702 1396 816 1452 debean
829 1397 864 1453 de
875 1396 1075 1457 Comensibes.

207 1516 211 1525 -
226 1483 266 1553 (l)
279 1480 303 1536 ΙΙ
314 1482 452 1537 n’existait
461 1483 541 1556 point
550 1483 586 1539 de
597 1494 672 1540 texte
682 1485 868 1560 authentique
876 1495 905 1540 et
917 1503 971 1559 pur
981 1484 1017 1539 de
1027 1503 1074 1540 ces
1087 1481 1254 1557 pretcndnes

192 1569 367 1643 prophetiam
382 1571 454 1624 aussi
469 1570 494 1626 la
505 1571 584 1646 leqon
599 1572 748 1647 qu’adopte
759 1574 795 1627 ici
808 1584 890 1629 notre
902 1583 1002 1628 auteur
1013 1570 1199 1627 didere-telle
1210 1588 1256 1624 snr

191 1674 224 1712 ce
236 1657 317 1730 point
328 1657 519 1714 uotsbietnent
530 1659 565 1714 de
576 1670 669 1716 tontes
684 1660 724 1716 les
738 1671 833 1717 entres
843 1679 899 1736 qne
910 1677 981 1716 nous
995 1662 1080 1714 avoni
1091 1677 1132 1732 pn
1144 1657 1256 1713 consul·

190 1757 246 1815 ter‚
263 1757 416 1821 prosecant
433 1748 469 1804 de
484 1748 609 1806 Geoiiroi
625 1749 661 1806 de
677 1750 857 1806 Moumonth.
875 1749 958 1808 Vcici
976 1748 1002 1804 le
1018 1765 1136 1821 passage
1151 1762 1256 1825 cures·

192 1835 318 1907 pondant
331 1835 367 1890 de
378 1854 411 1892 ce
422 1837 536 1894 dernier
549 1861 555 1893 t
571 1836 691 1894 Sedente
703 1841 797 1912 itaque
812 1838 992 1910 Vortiqerno,
1007 1836 1170 1891 Britanniae
1182 1834 1255 1908 n'ge,

193 1941 279 1994 super
291 1928 381 1998 ripam
393 1926 490 1982 hausti
499 1931 608 2002 stagni,
622 1932 732 2003 egressi
740 1938 806 1984 sunt
818 1927 874 1984 duo
886 1927 1036 1992 dracones,
1052 1945 1173 2002 quorum
1186 1945 1258 1982 unus

193 2021 255 2066 erat
271 2013 366 2082 albus,
387 2023 414 2069 et
429 2014 503 2071 alter
519 2015 633 2071 rubeus.
655 2015 778 2090 Cumque
797 2035 870 2071 unus
888 2015 973 2070 alteri
989 2016 1256 2087 appropinquasset,

194 2097 287 2153 diram
295 2105 492 2158 commiserunt
498 2123 625 2178 pugnam
636 2114 664 2158 et
676 2108 770 2179 ignem
778 2104 904 2160 anbelitu
912 2122 964 2159 suo
973 2102 1171 2176 procreabant
1183 2102 1260 2156 l'roe·

194 2186 309 2242 valebat
319 2199 413 2244 autern
424 2190 508 2246 albus
519 2190 603 2248 droco
608 2235 616 2262 ,
632 2193 803 2268 rubrumque
815 2211 903 2267 usque
913 2190 955 2246 ad
963 2192 1170 2246 amenitatem
1182 2189 1259 2242 lacus

184 2273 328 2347 fugabat.
340 2278 381 2332 At
392 2278 439 2333 ille
450 2298 514 2333 cum
525 2299 556 2334 se
568 2283 717 2351 expulsum
729 2281 876 2349 doluisset,
890 2277 1099 2352 impetumsecit
1110 2279 1141 2330 in
1151 2275 1258 2342 albm,

194 2365 341 2438 ipsumque
359 2369 474 2421 retroire
490 2372 588 2441 coegit.
605 2372 680 2444 Ipsis
697 2390 764 2444 ergo
780 2374 809 2426 in
827 2371 902 2426 bunc
920 2367 1031 2425 modum
1050 2366 1257 2442 pugnantibus,

195 2456 330 2525 pracepit
341 2473 393 2511 ree
400 2455 552 2513 Ambrosio
562 2459 684 2514 Merlino
696 2458 788 2514 dicere
801 2458 872 2535 quid
881 2457 1034 2513 draconum
1044 2455 1177 2527 proeliurn
1188 2470 1261 2526 proe·

195 2542 340 2599 tendebat.
356 2546 431 2602 Mor:
445 2545 507 2614 ille,
522 2549 552 2602 in
553 2547 658 2619 fletum
675 2566 836 2621 erumpens,
853 2550 979 2620 spiritum
998 2545 1093 2600 hausit
1107 2541 1262 2615 prophetia

195 2641 225 2688 et
236 2635 277 2688 ru't
290 2657 297 2686 .·
314 2634 366 2689 Voe
378 2635 463 2690 rubeo
475 2634 608 2692 draconi!
619 2656 686 2692 nam
697 2640 892 2693 externunatio
905 2653 966 2709 qus
968 2633 1107 2707 festinat.
1121 2633 1261 2688 cavernas

196 2720 258 2792 eius
269 2723 416 2794 occupabit
423 2723 515 2793 albus,
529 2727 580 2799 qui
590 2724 728 2788 Saxones,
742 2745 812 2798 quos
822 2726 969 2790 invitastis,
981 2723 1136 2796 significat.
1151 2719 1261 2775 liubeus

198 2825 263 2862 uero
276 2818 387 2880 gentem
400 2809 531 2886 designat
547 2812 721 2877 Britannice,
739 2831 803 2886 quar
819 2811 856 2867 ab
873 2810 939 2866 albo
955 2812 1137 2882 opprimetur.
1151 2809 1262 2863 Montes

198 2896 292 2968 itaque
306 2897 367 2970 ejus
383 2908 414 2952 ut
427 2900 515 2954 ualles
529 2901 726 2973 aequabuntur,
744 2899 905 2971 etflumina
919 2899 1034 2952 uallium
1047 2899 1190 2969 sanguine
1203 2912 1261 2948 ma·

199 2984 323 3051 nabunt,
346 2986 438 3041 cultus
457 2987 601 3059 religionis
620 2988 769 3053 delebitur,
793 2997 821 3044 et
838 2988 1017 3043 ecclesiarum
1042 2987 1127 3039 ruina
1145 2981 1261 3055 patebit.

200 3074 371 3129 hoecalebit
391 3085 484 3131 tamen
506 3095 654 3148 oppressa,
676 3086 704 3134 et
726 3086 886 3134 exterorum
905 3077 1021 3130 savitioe
1041 3075 1162 3129 resistet.
1185 3072 1265 3141 Aper

200 3166 300 3217 etenim
316 3165 465 3221 Cornubioe
478 3184 637 3221 succursum
651 3167 810 3238 proestabit,
832 3174 860 3220 et
872 3165 945 3220 colla
962 3182 1057 3219 eorum
1073 3161 1128 3216 sub
1144 3158 1264 3231 pedibus

201 3252 260 3303 suis
272 3254 454 3309 conculcabit.
469 3256 576 3311 Insuloe
590 3256 698 3311 Oceani
705 3257 839 3326 potestati
850 3254 938 3328 ipsius
948 3251 1115 3318 subdentur,
1130 3258 1158 3304 et
1172 3248 1264 3304 Galli·

201 3356 289 3392 canos
301 3342 454 3410 possidebit
467 3345 567 3399 saltus.
586 3344 706 3400 Timebit
717 3345 854 3400 Romulea
864 3342 964 3398 dom
973 3342 1110 3396 servitiam
1122 3339 1224 3410 ipsius,
1237 3344 1265 3388 et

202 3427 294 3480 enitus
306 3428 366 3500 ejus
381 3429 484 3487 dubius
499 3435 560 3488 erit.
578 3434 613 3488 ln
630 3452 677 3488 ore
693 3433 860 3505 populorum
871 3427 1060 3485 celebrabitur
1071 3435 1097 3482 et
1108 3433 1191 3479 actus
1204 3422 1265 3496 eius

201 3514 281 3568 cibus
294 3517 346 3568 erit
361 3521 552 3578 narrantibus.

237 3604 275 3656 La
290 3602 437 3659 difference
451 3606 475 3660 la
491 3608 553 3681 plns
568 3609 679 3666 notable
695 3609 744 3665 des
757 3609 830 3664 deux
840 3618 929 3663 tentes
942 3605 1062 3661 consiste
1074 3602 1144 3657 dens
1159 3599 1186 3655 ln
1199 3616 1265 3672 np-

202 3692 327 3765 pression
340 3691 423 3746 d’une
435 3697 546 3766 portion
557 3698 668 3755 notable
680 3698 717 3754 du
731 3697 905 3773 pniambnle,
917 3696 943 3751 lc
953 3690 1266 3766 changementspportd

203 3782 218 3834 i
238 3779 262 3834 la
281 3780 395 3836 couleur
411 3783 550 3840 nationale
565 3788 613 3843 des
629 3788 702 3843 deux
717 3789 838 3861 chugone
855 3804 906 3861 par
921 3785 947 3841 la
964 3784 1043 3858 leqon
1061 3781 1097 3837 de
1114 3790 1199 3835 notre
1216 3795 1266 3832 au·

205 3879 277 3930 teor.
293 3881 321 3925 et
333 3872 401 3925 dans
414 3870 453 3925 les
466 3871 646 3944 explicatione
660 3878 728 3951 qu'il
740 3895 775 3932 cn
789 3876 892 3931 donne.
907 3875 989 3930 Cette
1001 3871 1125 3928 variante
1138 3868 1210 3922 n’ett
1221 3879 1267 3938 pat

205 3955 354 4026 besuense,
369 3960 452 4015 carle
464 3979 552 4033 rouge
563 3964 630 4018 dtait
641 3964 666 4018 la
679 3965 793 4020 couleur
806 3962 944 4020 nationale
956 3961 1004 4016 des
1017 3960 1146 4026 Brctons‚
1159 3969 1267 4010 comme

207 4045 272 4098 cotto
296 4047 343 4101 dos
366 4050 550 4105 Scandinavcs
571 4063 600 4106 et
622 4052 670 4105 des
690 4054 856 4109 Nor-maniis.
880 4054 957 4108 Nous
975 4060 1173 4109 retrourerons
1195 4042 1268 4099 aussi

208 4131 312 4187 liiontot
330 4137 366 4190 ies
380 4139 452 4194 dorix
466 4160 525 4195 cers
537 4160 591 4214 quc
604 4140 728 4198 Gcoffini
742 4144 885 4216 supprime
897 4142 943 4197 ici.
