2888 4934
192 440 250 499 us
460 434 643 495 nrsromt
665 435 969 497 eccumrssrlcs.
1133 444 1162 517 [r
1173 443 1243 519 101]

188 570 266 641 nari
289 568 424 664 coegit3
446 565 620 637 Paschalis
642 568 738 637 enim
758 571 853 665 Papa
873 590 998 639 omnes
1016 567 1135 665 palam
1158 595 1243 644 aua·

188 683 438 771 thematizavit‚
454 697 490 754 et
505 680 551 753 ab
570 683 670 754 omni
687 682 939 755 christianitate
954 684 1161 781 segregavit,
1181 686 1243 783 qui

188 801 339 872 Crucem
351 799 496 870 Domini
513 800 618 894 gmtis
636 814 858 898 acceperant,
870 815 906 872 et
922 801 1049 872 itinere
1067 826 1141 873 non
1159 827 1242 900 per·

188 913 282 987 fecto
299 929 561 1002 remeaverant,
582 917 650 986 nisi
673 917 895 1015 reciprocum
912 915 1040 989 callem
1056 918 1241 1008 iterarent,

187 1032 336 1128 Deoque
354 1031 601 1104 satisfacientes
617 1046 701 1104 vota
716 1055 779 1103 sua
797 1033 854 1130 pie
872 1032 1126 1130 persolverent.

235 1149 339 1217 Anno
353 1146 471 1242 itaque
484 1147 679 1218 Dominicae
689 1147 945 1219 lncarnationis
955 1154 1036 1219 u⁰c⁰
1042 1153 1082 1236 1⁰,
1096 1145 1243 1220 Guillel·

187 1286 288 1353 mus,
309 1264 566 1336 Pictavensium
587 1264 660 1337 dur
676 1266 752 1362 (t),
775 1267 956 1363 ingentem
977 1266 1172 1338 exercitum
1196 1266 1243 1339 de

188 1381 374 1477 Aquitania
393 1396 429 1453 et
446 1382 647 1454 Guasconie
661 1383 852 1473 contraxit,
876 1396 1074 1480 senemque
1091 1382 1244 1480 peregri·

187 1494 341 1565 nationis
356 1495 423 1566 iter
440 1494 564 1567 alacris
577 1497 665 1567 iniit.
681 1497 748 1568 Hic
760 1496 876 1568 audax
892 1496 957 1568 fuit
973 1510 1009 1568 et
1023 1495 1174 1595 probus,
1187 1497 1243 1567 ni·

188 1611 371 1706 miumque
387 1610 584 1706 jocundus,
610 1611 741 1684 facetos
765 1613 873 1684 etiam
895 1612 1087 1684 histriones
1110 1610 1245 1683 facetiis

187 1750 357 1824 superans
366 1728 763 1829 multiplicibus.Fertur
771 1744 928 1802 trecenta
937 1742 1157 1800 armatorum
1167 1726 1245 1800 mil·

186 1839 233 1912 lia
248 1841 415 1913 vexillum
428 1844 503 1939 ejus
520 1857 640 1916 secuta
657 1844 781 1933 fuisse,
798 1841 946 1941 quando
962 1866 1123 1939 egressus
1138 1841 1245 1913 bresit

187 1953 234 2027 de
247 1955 377 2028 finibus
388 1960 594 2055 Aquitaniae.
609 1960 810 2057 Stephanus
827 1983 985 2057 quoque,
999 1956 1171 2029 Blesensis
1182 1978 1245 2056 pa·

186 2069 317 2144 latinus
330 2096 464 2165 comes,
480 2098 573 2172 pene
582 2073 628 2146 ab
640 2073 808 2146 omnibus
818 2073 1056 2171 derogabatur
1068 2086 1105 2145 et
1115 2071 1247 2145 indesi-

187 2202 314 2262 nenter
326 2187 646 2279 verecundabatur,
669 2213 714 2261 eo
730 2189 829 2286 quod
847 2189 894 2261 de
910 2187 1097 2260 obsidione
1118 2188 1246 2259 Antio-

186 2300 301 2376 chena
325 2305 474 2402 turpiter
490 2306 683 2402 aufugerit,
701 2319 738 2378 et
757 2303 931 2402 gloriosos
949 2301 1088 2376 sodales
1104 2322 1192 2374 suos
1204 2301 1244 2374 iu

188 2421 358 2517 martyrio
393 2420 522 2493 Christi
555 2422 781 2519 agonizantes
818 2421 1024 2494 deseruerit.
1062 2425 1089 2491 h
1120 2416 1245 2492 multis

187 2535 350 2630 personis
372 2533 552 2607 multoties
572 2535 846 2635 corripiebatur,
872 2549 908 2607 et
929 2533 1091 2606 militiam
1113 2531 1246 2606 christi

187 2663 261 2721 tam
280 2663 415 2722 terrore
433 2673 543 2746 quam
560 2650 769 2723 confusione
785 2663 946 2748 repetere
963 2646 1168 2745 cogebatur.
1191 2645 1245 2719 Ad

187 2763 258 2837 hoc
278 2765 385 2838 etiam
404 2764 525 2854 Adela,
548 2789 640 2836 uxor
652 2766 740 2860 ejus,
761 2765 965 2861 frequenter
982 2787 1064 2834 eum
1081 2784 1245 2834 commo·

187 2879 308 2969 nebat,
321 2896 355 2952 et
364 2882 456 2953 inter
464 2878 656 2952 amicabilis
665 2879 820 2975 conjugii
828 2876 1072 2950 blandimenta
1081 2873 1252 2947 dicebatz·

188 2994 394 3083 absitate,
419 2994 561 3068 domim
583 2999 651 3084 mi,
672 3011 713 3067 ut
727 3011 907 3066 tantorum
921 2992 984 3063 dia
1003 2991 1159 3090 digneris
1176 2989 1244 3062 lm·

188 3110 323 3179 minum
340 3110 529 3206 opprobria
543 3108 705 3209 perpeti!
717 3115 906 3182 Famosum
920 3108 1164 3178 strenuitatem
1174 3102 1245 3202 ju-

189 3227 335 3296 ventutis
352 3241 419 3297 tuse
430 3227 555 3313 recole,
572 3244 608 3299 et
621 3252 728 3298 arma
746 3223 932 3296 mirabile
944 3221 1080 3295 militiae
1094 3219 1146 3291 ad
1153 3219 1245 3292 mul·

188 3355 303 3412 torum
328 3341 477 3413 salutem
500 3344 653 3416 millium
678 3345 822 3439 arrape,
852 3357 893 3414 ut
918 3339 1000 3413 iude
1028 3337 1248 3410 Christicolis

188 3460 311 3557 ingens
326 3461 364 3530 in
383 3475 453 3530 toto
472 3457 553 3529 orbe
567 3463 705 3533 orr'atur
720 3459 906 3544 exulmttb,
927 3451 1244 3551 Ellam'ct‘rquesor-

222 3727 261 3796 (4)
279 3725 454 3794 Guillaume,
468 3727 601 3800 seprieme
612 3727 651 3782 du
663 3744 743 3796 nom,
754 3736 846 3782 comte
857 3724 892 3779 de
902 3724 1036 3790 Poitiers,
1049 3719 1195 3777 neuvieme
1206 3715 1245 3771 du

186 3830 253 3867 nom
266 3831 373 3868 comme
386 3814 441 3868 duc
454 3812 647 3888 d'hquitaine‚
661 3817 696 3869 ne
711 3814 738 3869 le
753 3818 788 3873 22
806 3812 962 3887 septembre
978 3813 1043 3868 ⁴07⁴
1055 3850 1063 3876 ,
1076 3808 1121 3864 fut
1133 3823 1174 3861 un
1190 3803 1246 3860 sei-

188 3919 277 3975 gneur
293 3901 329 3956 de
345 3920 449 3957 moeurs
465 3903 521 3959 fort
532 3901 690 3976 depravees,
703 3913 784 3959 avant
794 3919 902 3957 comme
915 3900 995 3972 apres
1011 3915 1060 3952 son
1074 3912 1179 3968 voyage
1193 3891 1246 3947 tta

187 3989 394 4044 Terre-Sarute.
408 3987 456 4044 On
466 3998 579 4043 raconte
590 3989 658 4063 qu‘il
670 3992 774 4062 portait
786 4008 834 4044 sur
847 4006 897 4043 son
907 3986 1033 4042 bouchet
1044 3984 1070 4039 le
1081 3980 1202 4058 pertrait
1210 3977 1247 4034 de

187 4076 212 4129 ia
225 4077 327 4132 semme
340 4077 404 4130 d’un
419 4076 453 4131 de
465 4095 507 4131 ses
519 4078 664 4144 vicomtes,
679 4078 749 4133 dont
763 4076 782 4132 ii
797 4079 864 4132 etait
875 4076 959 4149 epris,
974 4085 1003 4129 et
1015 4071 1085 4148 qu’ii
1098 4071 1172 4127 avait
1183 4070 1247 4144 pt*

187 4165 272 4218 tcradu
285 4165 385 4220 etablir
399 4185 453 4220 une
465 4165 569 4237 abbaye
583 4164 617 4220 dc
628 4166 743 4220 semines
755 4165 791 4219 de
803 4165 942 4220 mauvaise
956 4165 1007 4217 vie.
