3140 5076
148 513 261 592 [1118]
476 507 595 570 LIBER
614 503 884 570 nuonnclttus
1151 509 1213 572 329

150 642 307 732 bantur,
340 641 423 739 qui,
456 639 581 714 relicto
612 663 696 738 rege
722 664 787 738 per
814 636 1017 712 Samuelem
1043 637 1215 714 divinitus

152 758 336 849 ordinato,
351 755 505 832 Absalon
514 755 699 856 parricide
708 753 962 853 jungebantur.
976 755 1034 828 Sic
1044 755 1215 830 nimirum

152 873 318 974 plerique
333 870 527 963 iaciebant,
546 871 609 970 qui
626 869 815 970 pacificum
832 868 1045 969 principem,
1063 869 1216 968 pontifi·

153 987 449 1062 mlielectioneet
458 983 711 1062 benedictione
719 984 1214 1079 consecratum,deserebaut‚

154 1120 193 1180 et
217 1105 366 1178 mentita
384 1102 458 1178 fide
479 1127 589 1202 quam
611 1102 661 1176 illi
688 1118 730 1176 ut
756 1102 906 1176 domino
926 1101 1214 1202 spoponderant,

153 1217 310 1294 imberbi
325 1233 474 1318 satrape
490 1218 545 1316 (1)
562 1217 609 1292 ad
625 1217 724 1292 nefas
739 1217 920 1316 agendum
935 1242 1011 1292 non
1023 1215 1217 1307 exdebito,

152 1335 220 1410 sed
235 1349 365 1435 sponte
382 1357 448 1408 sua
463 1349 643 1432 gratanter
658 1333 901 1408 adherebant.

206 1456 266 1524 vt.
282 1449 483 1524 indictione
494 1457 556 1543 xr',
568 1475 684 1524 nonas
695 1449 855 1526 octobris
862 1450 931 1549 (2),
942 1449 1135 1524 concilium
1148 1451 1219 1522 Ro·

156 1567 292 1664 tornagi
300 1579 558 1664 congregatum
566 1580 634 1640 est.
645 1564 698 1638 lbi
707 1589 770 1640 rex
781 1566 956 1640 Henricus
966 1563 1013 1638 de
1022 1587 1110 1664 pace
1119 1564 1221 1662 regni

157 1681 411 1754 tractavitoum
420 1680 623 1782 lladulpho,
633 1682 829 1756 Cantuariae
839 1680 1124 1780 archiepiscopo,
1133 1678 1223 1752 aliis·

156 1819 230 1892 que
249 1793 446 1870 baronibus
462 1821 555 1895 quos
576 1798 828 1896 aggregaverit.
844 1795 899 1870 lbi
912 1793 1135 1887 Goislredus,
1155 1797 1224 1866 llo-

159 1912 375 2008 tomageusis
389 1910 691 2014 archiepiscopus,
704 1913 751 1988 de
764 1928 858 1986 statu
871 1912 1035 1986 Ecclesiae
1046 1911 1114 1984 Dei
1125 1908 1224 1982 locu-

160 2041 217 2098 tus
234 2039 287 2098 est
302 2049 386 2100 cum
402 2042 559 2125 quatuor
576 2028 806 2128 suffraganeis
825 2026 1034 2129 presulibus
1049 2053 1058 2100 z
1073 2022 1224 2100 llimrdo

159 2139 345 2212 Beiocensi
367 2154 404 2212 et
425 2140 590 2216 lobenne
619 2143 850 2233 Luxoviensi,
879 2141 1027 2239 Turgiso
1053 2139 1223 2214 Abrinca-

163 2255 257 2328 tensi
275 2267 312 2327 et
337 2257 491 2354 Rogerio
511 2259 798 2348 constanciensi,
821 2272 858 2332 et
878 2255 1066 2332 abbatibus
1087 2254 1223 2328 multis.

159 2366 217 2440 lbi
246 2371 344 2444 enim
374 2371 556 2445 siluerunt
584 2374 756 2470 llogerius
782 2373 1029 2448 Fiscannensis
1054 2387 1090 2446 et
1117 2375 1226 2443 Ursus

159 2485 474 2574 Gemmetieensis,
497 2487 708 2562 Guillelmus
724 2491 911 2564 Becoeusis
930 2504 968 2564 et
984 2487 1088 2563 Eudo
1109 2487 1227 2560 Cedo·

160 2600 309 2690 mensis,
326 2601 499 2676 llicardus
515 2603 738 2680 Pratellensis
753 2620 790 2679 et
807 2605 967 2680 Andreas
982 2601 1224 2691 Troarnensis,

161 2713 372 2788 Guillelmus
387 2715 435 2790 de
453 2721 569 2792 Cmce
583 2718 639 2815 (3)
659 2734 697 2792 et
715 2719 900 2794 Osbernus
922 2715 1225 2817 Ultrisportensis,

162 2842 200 2900 et
211 2827 270 2900 alii
282 2828 416 2928 plures,
431 2856 523 2929 quos
537 2833 725 2906 nominare
739 2859 883 2908 neeesse
898 2858 972 2907 non
989 2848 1056 2906 est.
1073 2830 1129 2904 Ibi
1141 2845 1227 2904 tunc

161 2944 373 3037 Conraoius,
400 2948 581 3019 Romanus
600 2945 770 3037 clericus,
790 2947 922 3022 Gelesii
945 2952 1048 3046 Papae
1068 2945 1226 3042 legatus,

160 3059 455 3159 eloquentissimo
468 3089 647 3157 sermone,
663 3082 789 3166 utpote
801 3065 911 3141 latiali
928 3065 1027 3140 sonte
1042 3089 1063 3138 a
1076 3064 1228 3164 pueritie

161 3176 375 3270 inebriatus,
398 3182 661 3278 querimoniam
679 3183 762 3256 feeit
784 3183 831 3255 de
848 3181 981 3254 Karolo
997 3179 1052 3279 (1)
1069 3185 1227 3279 Impere-

161 3305 254 3383 tore,
273 3295 447 3368 Paschelis
460 3301 564 3398 Papae
576 3297 760 3372 bonorum
773 3322 924 3398 operum
941 3313 978 3371 et
995 3296 1227 3370 aedificiorum

161 3428 276 3504 pravo
293 3407 528 3501 destructore,
547 3428 584 3486 et
601 3413 870 3486 catholicorum
885 3413 966 3486 diro
983 3425 1224 3512 persecutore.

160 3517 310 3594 Addidit
333 3525 442 3597 etiam
469 3526 656 3625 planctum
682 3529 727 3601 de
754 3527 913 3600 Burdino
940 3528 1225 3628 pseudo-Papa,

160 3635 366 3734 apostolieae
384 3639 479 3714 sedis
495 3642 677 3733 invasore,
699 3657 734 3715 et
750 3644 797 3715 de
814 3643 1028 3716 multimoda
1043 3643 1080 3715 in
1095 3641 1232 3715 Tuseiae

160 3749 323 3848 partibus
348 3754 512 3868 Ecclesiae
538 3757 780 3832 tribulatione.
810 3760 939 3834 Retulit
964 3761 1072 3834 etiam
1097 3759 1228 3833 Gelasii

199 3973 239 4047 (1)
257 3973 421 4032 Gnillaume
432 3978 538 4035 Cliton.

198 4063 239 4132 (2)
256 4061 295 4118 lc
306 4066 324 4120 '1
337 4065 453 4122 octobre
464 4070 545 4123 lll8.

200 4151 240 4223 (3)
258 4152 295 4207 La
307 4153 487 4212 croix-Stint
500 4157 611 4212 lenlmi
623 4159 738 4230 (Eure).

199 4238 239 4309 (1)
256 4238 439 4298 cest-tuin
451 4243 541 4300 Henri
557 4245 593 4314 V,
608 4247 678 4302 mari
691 4247 726 4302 de
740 4248 875 4305 Mathilde
887 4248 1093 4322 d’llnglcterrr.
