2888 4934
73 109 184 195 [112⁴]
417 100 532 171 LIBER
554 109 792 170 Uttnecttttts.
1069 112 1129 174 259

69 270 157 344 quae
176 246 252 343 jain
273 245 559 345 praetaxavimus,
588 253 851 342 provenerunt,
880 257 916 314 et
939 243 1129 321 Christiani·

60 363 148 458 jam
178 380 244 462 per
276 362 388 433 totsrn
425 359 561 456 Syriam
603 371 638 429 et
674 356 889 428 Palaestinam
925 360 1028 455 qnasi
1062 384 1128 432 ne·

67 475 192 573 glecto
208 499 290 573 rege
304 475 452 551 viriliter
466 474 684 560 restiterunt,
703 471 904 543 veredarios
920 497 986 571 per
1003 471 1128 546 orbem

67 590 237 688 gentium
264 590 310 663 ad
340 614 440 687 reges
464 613 506 660 ao
531 587 734 661 admiralios
760 587 959 659 destinavit.
991 589 1129 676 Quibus

66 704 294 795 convocatis,
312 728 396 776 cum
411 703 612 800 legionibus
621 702 693 772 suis
706 725 826 771 rursus
840 700 963 772 urbem
978 704 1130 776 lllonbcc

62 819 230 892 obsedit.
256 820 452 892 losoelinus
475 833 592 891 autem
618 832 655 889 et
678 840 805 888 omnes
828 815 1042 890 Christicolae
1066 844 1130 891 au·

64 935 215 1006 ‹lientes
239 933 311 1005 lroc
333 934 443 1030 gavisi
464 947 565 1019 sunt,
591 947 627 1003 et
648 931 808 1003 alacriter
830 931 875 1002 ad
899 932 1131 1029 praeliandum

61 1061 202 1119 matra
228 1046 307 1119 illos
334 1060 592 1118 conveneram.
621 1050 718 1116 'lunc
748 1046 871 1136 edam,
900 1046 1041 1119 volente
1072 1049 1132 1146 μο

64 1163 258 1236 Salvatore
276 1178 418 1252 nostro,
438 1163 598 1260 quinque
613 1161 770 1260 praeclari
789 1160 915 1232 milites
935 1163 1130 1253 siluerunt,

64 1280 141 1376 qni
158 1275 287 1350 eadem
308 1277 521 1375 septimana,
547 1290 585 1346 ut
603 1276 678 1373 jam
701 1275 870 1365 diximus,
889 1275 934 1348 de
951 1275 1135 1349 barbarica

60 1392 281 1490 captivitate
303 1405 564 1462 remeaverunt.
592 1394 689 1461 lnter
712 1388 864 1460 Monbec
890 1404 925 1461 et
952 1391 1134 1464 castellum

57 1505 250 1581 'liehaled
271 1505 309 1576 iu
336 1506 470 1602 ingenti
493 1505 644 1604 planicie
669 1503 827 1602 praelium
854 1504 977 1600 ingens
1004 1505 1135 1577 lactum

61 1637 142 1694 ert.
162 1625 254 1693 Cum
273 1619 397 1710 Balad,
418 1622 528 1692 Musei
550 1634 587 1692 et
607 1625 745 1707 lleron,
773 1620 879 1691 frater
894 1620 987 1717 ejus,
1007 1620 1136 1720 aliique

58 1736 198 1835 plnres
212 1735 388 1809 admiralii
404 1759 574 1834 pugnare,
596 1735 750 1831 totisque
768 1734 902 1805 viribus
920 1738 1038 1808 conati
1054 1753 1137 1810 sunt

59 1853 297 1927 Christianos
310 1853 540 1951 pessundare.
562 1851 615 1922 lbi
629 1864 715 1922 tunc
728 1849 835 1921 llalad
852 1850 1042 1924 Goisfredo
1058 1857 1136 1925 Mo·

56 1968 208 2058 ucho,
227 1967 350 2039 comiti
366 1967 412 2038 de
428 1967 553 2038 Marcis
568 1966 634 2063 (l),
654 1966 837 2038 mandavit
852 1981 893 2036 ut
909 1966 1001 2038 duos
1018 1969 1136 2041 asinos

55 2105 163 2155 auro
180 2096 330 2155 onustos
345 2081 534 2178 reciperet,
557 2095 594 2152 st
608 2079 654 2151 de
671 2079 767 2152 bello
783 2079 881 2151 solus
899 2081 975 2179 ipse
991 2083 1135 2155 recede-

56 2213 142 2289 ret,
159 2224 208 2271 ne
219 2200 258 2270 in
271 2196 367 2270 bello
380 2212 530 2294 uterque
544 2196 672 2268 eodem
685 2197 742 2267 die
758 2197 900 2294 periret.
917 2201 1027 2269 Soror
1039 2199 1135 2271 enirn

56 2313 167 2409 ejas,
188 2336 268 2411 qun
284 2309 450 2407 sortilega
467 2312 677 2409 peritissima
693 2326 786 2399 erat,
805 2312 841 2382 in
859 2312 1135 2386 constellationi-

54 2419 166 2519 ltoe,
178 2427 280 2526 qnod
295 2426 501 2499 Goisfredus
519 2440 556 2499 et
572 2425 680 2498 Balad
699 2425 830 2496 mutuis
846 2425 973 2497 ictibus
991 2452 1136 2503 occum-

54 2535 203 2615 lcrent
213 2542 294 2641 ipso
308 2541 380 2631 die,
395 2541 608 2639 inspexerat,
627 2539 797 2636 fratrique
814 2562 893 2628 suo,
913 2556 951 2611 ut
969 2541 1034 2612 sibi
1048 2567 1136 2641 prae·

60 2672 234 2747 meret,
261 2657 408 2756 plorans
431 2656 661 2728 indicaverat.
687 2654 880 2751 Religiosus
908 2679 988 2727 vero
1014 2678 1135 2732 comet

65 2790 226 2845 manera
239 2771 380 2870 tyranni
395 2785 433 2842 ut
446 2785 580 2842 stercus
593 2769 818 2868 contempsit,
834 2793 982 2868 seseque
997 2771 1034 2845 in
1050 2797 1136 2845 con·

66 2885 229 2961 mu
252 2886 321 2958 Dei
345 2886 391 2958 ad
416 2884 626 2958 sacrificium
651 2883 749 2957 laetns
773 2882 913 2957 obtulit.
940 2886 1134 2960 Multorum

111 3130 153 3201 (Ι)
168 3128 249 3184 llum
262 3145 298 3184 ne
312 3131 490 3185 eomaimons
503 3129 583 3202 point
597 3146 630 3183 ce
644 3145 825 3202 personnage.
840 3129 941 3185 C’etait
955 3131 1098 3204 peut-etro
1111 3133 1137 3187 le

71 3216 144 3288 pite
159 3232 200 3273 ou
213 3215 241 3271 la
258 3225 357 3289 parent
373 3216 409 3270 de
423 3239 437 3266 a
450 3215 569 3273 lienaud
586 3215 621 3270 de
638 3215 730 3271 Mares
746 3217 833 3288 (sic),
851 3220 898 3271 tue
915 3235 979 3273 avec
998 3218 1024 3273 le
1040 3220 1138 3293 prinae

72 3300 259 3371 darumbe,
278 3303 346 3359 dans
365 3323 403 3359 un
421 3305 531 3361 cornbst
549 3313 645 3358 contre
663 3303 701 3358 les
718 3305 822 3371 Turcs,
842 3304 867 3360 le
884 3325 956 3360 nvu
973 3308 1009 3362 de
1020 3309 1082 3380 juin
1102 3309 1137 3366 de

71 3384 129 3445 l'an
146 3407 260 3447 rtcavtu.
279 3412 293 3441 ι
305 3394 378 3449 llr'st.
393 3393 429 3449 de
443 3394 472 3449 la
486 3394 596 3448 Metron
616 3392 651 3446 de
670 3392 839 3467 courtenay,
859 3414 886 3467 p.
901 3399 926 3452 9.
943 3396 1088 3473 Quoiqu’rl
1102 3418 1136 3454 en

74 3478 140 3546 soit,
152 3479 254 3534 iln'est
267 3498 316 3554 pas
327 3483 387 3537 vrci
396 3500 491 3558 qaece
504 3476 548 3536 lut
558 3480 594 3536 de
604 3499 633 3535 sa
644 3482 719 3536 main
731 3480 877 3555 queBalalt
890 3484 928 3540 ait
940 3488 1054 3553 dtdtrr63
1069 3487 1137 3542 mais

75 3563 142 3620 hicn
154 3567 192 3623 de
202 3567 270 3623 celle
281 3568 317 3624 tle
328 3570 459 3626 Josoclin.
472 3593 486 3620 r
495 3572 532 3625 La
544 3569 601 3625 tite
613 3567 652 3622 du
663 3569 795 3624 larouche
804 3574 914 3626 ennemi
928 3572 976 3627 des
987 3574 1136 3630 Chretiens

78 3652 124 3708 tur
136 3658 234 3729 portes
248 3674 284 3711 en
298 3658 441 3733 triomphe
457 3658 558 3715 derant
570 3657 610 3712 les
625 3674 703 3712 murs
716 3657 751 3712 de
765 3659 833 3731 Tyr,
849 3661 886 3713 ori
898 3679 930 3714 ce
942 3662 1076 3734 spectacla
1089 3680 1134 3716 re-

83 3741 184 3800 torua
200 3742 424 3804 l‘sntlrousiam'ie
441 3747 600 3821 belliqneus
617 3744 666 3800 des
683 3746 860 3817 uariegatam.
876 3770 888 3796 ι
902 3748 973 3802 Birt.
989 3745 1039 3801 des
1055 3747 1135 3802 stoi·

89 3829 179 3900 radas,
191 3832 234 3900 ll,
247 3834 293 3889 70.
576 3843 584 3855 “
