3140 5076
120 513 231 594 [1119]
451 507 570 572 arses
589 505 859 575 nnonscruns.
1121 513 1183 576 au

121 644 313 745 parebant,
338 657 374 716 et
385 644 659 717 ‘incursantibus
674 643 883 718 adversariis
900 643 1027 718 acriter
1045 647 1186 719 resiste-

122 763 223 836 bant.
247 766 338 836 Nam
356 765 450 834 Pons
468 760 646 834 Aldemari
661 776 698 834 et
716 760 831 834 Bellus
849 763 952 833 ttons
970 785 1012 834 ae
1028 762 1184 834 Brionna

122 894 160 953 et
172 877 379 950 Guataevilla
394 878 468 975 regi
483 877 760 978 applaudebant,
776 898 1014 976 proceresque
1025 877 1185 977 praelatu-

120 1017 205 1065 rum
218 1017 302 1065 cum
314 990 450 1067 viribus
463 991 534 1064 suis
545 991 697 1066 fideliter
706 991 894 1066 militando
903 991 1127 1087 serviebant(
1153 991 1180 1088 ).

172 1111 248 1180 XV.
268 1111 389 1182 nense
406 1110 515 1199 mmo,
533 1108 744 1182 Guillelmus
761 1106 943 1198 sdetinus,
964 1109 1055 1205 regis
1071 1105 1182 1196 filius,

122 1220 170 1296 de
180 1222 305 1321 anglia
315 1224 354 1296 in
370 1226 627 1297 Normauniam
642 1224 898 1313 transfretavit;
916 1223 1018 1320 cujus
1028 1222 1185 1296 adventu
1228 1247 1242 1278 ·

120 1351 225 1436 pater
248 1339 403 1436 gavisus,
431 1363 515 1412 mox
541 1339 641 1438 quod
667 1339 778 1414 corde
802 1341 901 1439 prius
925 1339 1182 1429 occultaverat,

120 1456 372 1530 manifestavit.
399 1457 570 1530 Pacificas
595 1459 868 1532 concionatores
893 1456 940 1530 ad
968 1455 1182 1536 Falconem,

121 1570 430 1668 llndegavensium
448 1574 632 1663 comitem,
648 1572 788 1666 direxit,
804 1572 1077 1670 commodisque
1090 1572 1187 1671 pacis

120 1685 315 1759 foederibus
331 1689 541 1786 compactis,
558 1690 677 1788 ipsum
694 1690 740 1761 ad
755 1690 893 1761 curiam
907 1710 1010 1760 suam
1025 1687 1187 1783 benigni·

121 1816 177 1876 ter
192 1803 366 1874 invitavit.
779 1885 784 1900 ι

171 1919 293 1990 Mense
298 1919 401 2014 junio
410 1917 623 1991 Guillelmus
635 1918 805 1992 ldelinus
814 1917 924 1996 filiam
934 1917 1077 1993 comitis
1089 1914 1187 2016 apud

123 2031 322 2105 Luxovium
340 2033 567 2132 desponsavit
586 2034 660 2132 (2),
682 2035 875 2132 multisque
893 2033 1185 2132 tranquillitatem

119 2147 331 2245 optantibus
361 2163 434 2221 tam
455 2173 628 2246 generosa
651 2150 832 2249 copulatio
861 2149 1098 2249 complacuit,
1128 2162 1183 2240 et,

121 2263 286 2357 quamvis
298 2277 456 2336 extrema
468 2277 565 2336 sorte
574 2265 715 2361 juvenis
726 2266 845 2338 mariti
855 2265 935 2337 vitas
949 2263 1050 2336 iilum
1064 2265 1185 2336 inimo

119 2374 237 2473 pelagi
257 2376 418 2450 celeriter
439 2393 568 2452 ocante
587 2403 715 2478 parum
733 2378 931 2470 duraverit,
952 2374 1186 2451 necessariam

121 2504 243 2563 tumen
271 2490 317 2565 ad
342 2493 478 2567 instans
506 2509 646 2594 tempus
673 2497 832 2593 quietern
858 2495 951 2567 inter
975 2493 1187 2568 dissidentes

119 2607 276 2708 populos
294 2611 570 2709 compaginavit.
589 2616 688 2684 Tunc
711 2636 775 2685 rex
790 2610 1021 2686 Guillelmum
1041 2610 1186 2682 Talava·

120 2723 232 2814 cium,
251 2725 423 2798 Rodberti
439 2727 671 2800 Belesmensis
683 2726 811 2817 lilium,
828 2739 974 2824 precatu
990 2725 1131 2796 comitis
1147 2725 1185 2795 in

120 2841 275 2914 amicitia
292 2843 439 2941 recepit,
456 2857 493 2915 et
509 2857 621 2915 totam
634 2842 671 2913 in
686 2842 906 2914 Normaunia
921 2841 1031 2939 patris
1047 2840 1101 2911 sui
1117 2852 1186 2910 ter·

153 3193 194 3265 (l)
212 3193 290 3248 Nous
303 3211 339 3250 ae
353 3211 456 3266 royons
467 3210 576 3250 aucune
591 3189 726 3250 difficulte
738 3192 808 3248 dans
819 3189 1054 3264 l’interpretatiou
1071 3187 1106 3244 de
1121 3197 1186 3244 tous

119 3281 159 3336 les
171 3300 253 3338 norns
263 3282 299 3338 de
309 3282 381 3338 lieux
392 3294 421 3339 et
433 3283 468 3339 de
481 3300 632 3356 personnae
645 3301 700 3357 que
713 3282 852 3338 renierme
866 3299 897 3336 ce
909 3277 1091 3352 paragrapho.
1104 3278 1186 3334 Illius

118 3379 160 3424 est
174 3367 264 3425 llliers
276 3370 345 3426 dans
355 3370 501 3438 l’Evreciu,
514 3381 544 3426 et
558 3372 726 3439 Gnatevilln,
740 3369 899 3435 Vatterille,
911 3385 960 3424 eur
970 3367 996 3422 la
1007 3367 1065 3421 rive
1078 3367 1186 3439 gauebe

118 3457 189 3513 dela
197 3459 289 3529 Scine,
298 3471 378 3517 cuae
390 3459 538 3516 Caudebee
545 3471 575 3515 et
584 3460 609 3515 la
618 3460 690 3516 leret
698 3459 734 3516 de
745 3459 897 3518 llrotonne.
907 3491 938 3500 -
948 3455 1040 3512 llaoul
1047 3455 1083 3511 de
1090 3453 1186 3511 Saint-

119 3545 223 3602 Victor
230 3545 292 3603 doit
300 3546 361 3602 etre
369 3565 408 3603 nn
418 3547 544 3603 membre
554 3547 590 3602 ‹le
600 3547 626 3602 la
638 3547 743 3603 iamille
752 3547 787 3604 de
800 3548 962 3616 lllortemer,
974 3542 1186 3619 probablemeut

118 3629 163 3688 fils
176 3631 212 3688 de
223 3633 324 3702 llaoul,
339 3646 368 3690 et
377 3635 452 3689 aare
463 3620 550 3706 pulne
562 3633 598 3690 de
611 3636 716 3708 lingue
727 3635 762 3692 de
775 3637 936 3703 Mortemer,
952 3633 1090 3708 principal
1103 3631 1184 3688 bieu-

118 3721 223 3777 l'aiteur
233 3721 668 3796 ‹tct’abbayedeSaint-victor.
880 3721 884 3730 '

154 3810 195 3880 (ἱ)
214 3809 262 3867 On
274 3810 336 3866 doit
347 3811 487 3868 s’e'tuuuer
498 3813 534 3867 de
548 3829 580 3867 ce
595 3828 650 3886 que
662 3831 694 3866 oe
706 3813 843 3883 mariage,
858 3812 1001 3866 coumcte
1012 3819 1186 3865 exactement

118 3895 189 3952 daus
201 3896 241 3952 les
254 3897 360 3955 memes
374 3901 580 3956 circonstances
593 3899 629 3954 de
645 3901 761 3973 parente
774 3917 830 3973 que
841 3898 881 3955 les
896 3897 1043 3973 lianpailles
1054 3898 1090 3953 de
1101 3895 1185 3953 Guil-

116 3985 212 4042 laume
227 3987 337 4056 Cliton,
356 3989 423 4044 n’ait
440 3989 534 4045 donne
551 3989 606 4044 lieu
623 3993 639 4043 t
658 4005 766 4044 aucune
783 3987 962 4045 reclamation
981 3988 1016 4044 de
1032 3985 1057 4042 la
1071 3996 1135 4060 part
1146 3985 1184 4040 du

117 4075 221 4152 cierge.
235 4075 302 4133 Cela
314 4077 387 4134 tient
398 4082 414 4134 b
425 4097 457 4136 ce
468 4098 532 4154 que,
548 4077 639 4134 meme
651 4097 724 4152 pour
734 4078 775 4135 les
786 4081 918 4136 casuistes
930 4099 965 4135 ea
976 4095 1131 4152 apparence
1144 4075 1183 4132 les

118 4162 183 4236 plus
194 4163 353 4238 longaeua,
367 4165 393 4221 la
406 4169 544 4241 premiere
557 4167 687 4243 question
700 4168 769 4224 etait
781 4168 817 4224 de
832 4169 962 4224 marcher
975 4165 1103 4222 d'accord
1119 4183 1184 4220 arec

117 4269 157 4306 nu
169 4253 267 4326 priuce
278 4256 351 4311 aussi
363 4257 489 4328 puissant
501 4266 530 4313 et
540 4257 613 4313 aussi
627 4254 744 4331 opuleut
754 4275 809 4332 quc
821 4256 847 4312 le
859 4259 901 4313 roi
914 4254 1121 4328 d’Angleterre,
