<?xml version="1.0" encoding="UTF-8"?>
<!DOCTYPE html PUBLIC "-//W3C//DTD XHTML 1.0 Transitional//EN"
    "http://www.w3.org/TR/xhtml1/DTD/xhtml1-transitional.dtd">
<html xmlns="http://www.w3.org/1999/xhtml" xml:lang="en" lang="en">
 <head>
  <title>
</title>
<meta http-equiv="Content-Type" content="text/html;charset=utf-8" />
  <meta name='ocr-system' content='tesseract 3.04.00' />
  <meta name='ocr-capabilities' content='ocr_page ocr_carea ocr_par ocr_line ocrx_word'/>
</head>
<body>
  <div class='ocr_page' id='page_1' title='image "./ordericivitalis07deligoog/ordericivitalis07deligoog_0135.png"; bbox 0 0 3178 5052; ppageno 0'>
   <div class='ocr_carea' id='block_1_1' title="bbox 341 495 1393 580">
    <p class='ocr_par' dir='ltr' id='par_1_1' title="bbox 341 495 1393 580">
     <span class='ocr_line' id='line_1_1' title="bbox 341 495 1393 580; baseline -0.002 -19"><span class='ocrx_word' id='word_1_1' title='bbox 341 504 400 561; x_wconf 75' lang='lat' dir='ltr'><em>tat</em></span> <span class='ocrx_word' id='word_1_2' title='bbox 609 495 792 559; x_wconf 77' lang='lat' dir='ltr'><em>ntstonta</em></span> <span class='ocrx_word' id='word_1_3' title='bbox 814 495 1120 558; x_wconf 69' lang='lat' dir='ltr'><em>Bcchasttattct.</em></span> <span class='ocrx_word' id='word_1_4' title='bbox 1184 501 1393 580; x_wconf 72' lang='lat' dir='ltr'><em>[not-1102]</em></span> 
     </span>
    </p>
   </div>
   <div class='ocr_carea' id='block_1_2' title="bbox 332 625 1402 3827">
    <p class='ocr_par' dir='ltr' id='par_1_2' title="bbox 332 625 1402 3827">
     <span class='ocr_line' id='line_1_2' title="bbox 337 625 1396 728; baseline -0.001 -26"><span class='ocrx_word' id='word_1_5' title='bbox 337 627 527 724; x_wconf 82' lang='lat' dir='ltr'><em>vestigatis,</em></span> <span class='ocrx_word' id='word_1_6' title='bbox 540 626 611 699; x_wconf 85' lang='lat' dir='ltr'><em>dux</em></span> <span class='ocrx_word' id='word_1_7' title='bbox 623 627 673 698; x_wconf 88' lang='lat' dir='ltr'><em>ait</em></span> <span class='ocrx_word' id='word_1_8' title='bbox 682 626 897 698; x_wconf 80' lang='lat' dir='ltr'><em>Pictavensia</em></span> <span class='ocrx_word' id='word_1_9' title='bbox 907 652 915 696; x_wconf 77' lang='grc' dir='ltr'><strong>ε</strong></span> <span class='ocrx_word' id='word_1_10' title='bbox 924 625 985 698; x_wconf 82' lang='lat' dir='ltr'><em>Ad</em></span> <span class='ocrx_word' id='word_1_11' title='bbox 995 631 1250 723; x_wconf 78' lang='lat' dir='ltr'><em>Imperatorem</em></span> <span class='ocrx_word' id='word_1_12' title='bbox 1264 629 1396 728; x_wconf 84' lang='lat' dir='ltr'><em>legator</em></span> 
     </span>
     <span class='ocr_line' id='line_1_3' title="bbox 339 741 1395 840; baseline 0.002 -26"><span class='ocrx_word' id='word_1_13' title='bbox 339 745 534 832; x_wconf 76' lang='lat' dir='ltr'><em>cottonem,</em></span> <span class='ocrx_word' id='word_1_14' title='bbox 563 759 598 814; x_wconf 93' lang='lat' dir='ltr'><em>et</em></span> <span class='ocrx_word' id='word_1_15' title='bbox 616 741 660 812; x_wconf 92' lang='lat' dir='ltr'><em>ab</em></span> <span class='ocrx_word' id='word_1_16' title='bbox 679 766 720 813; x_wconf 92' lang='lat' dir='ltr'><em>eo</em></span> <span class='ocrx_word' id='word_1_17' title='bbox 740 744 955 814; x_wconf 89' lang='lat' dir='ltr'><em>unanimiter</em></span> <span class='ocrx_word' id='word_1_18' title='bbox 965 767 1155 840; x_wconf 88' lang='lat' dir='ltr'><em>poscamus</em></span> <span class='ocrx_word' id='word_1_19' title='bbox 1173 758 1214 814; x_wconf 89' lang='lat' dir='ltr'><em>ut</em></span> <span class='ocrx_word' id='word_1_20' title='bbox 1234 747 1395 816; x_wconf 76' lang='lat' dir='ltr'><em>muntem</em></span> 
     </span>
     <span class='ocr_line' id='line_1_4' title="bbox 339 855 1396 956; baseline 0.002 -28"><span class='ocrx_word' id='word_1_21' title='bbox 339 859 463 928; x_wconf 77' lang='lat' dir='ltr'><em>Sancti</em></span> <span class='ocrx_word' id='word_1_22' title='bbox 479 855 598 954; x_wconf 74' lang='lat' dir='ltr'><em>ligulii</em></span> <span class='ocrx_word' id='word_1_23' title='bbox 615 881 694 928; x_wconf 89' lang='lat' dir='ltr'><em>cnm</em></span> <span class='ocrx_word' id='word_1_24' title='bbox 718 856 841 927; x_wconf 87' lang='lat' dir='ltr'><em>lancea</em></span> <span class='ocrx_word' id='word_1_25' title='bbox 859 856 1052 937; x_wconf 82' lang='lat' dir='ltr'><em>Saloatoris</em></span> <span class='ocrx_word' id='word_1_26' title='bbox 1072 857 1222 956; x_wconf 74' lang='lat' dir='ltr'><em>dirigat,</em></span> <span class='ocrx_word' id='word_1_27' title='bbox 1249 860 1313 956; x_wconf 88' lang='lat' dir='ltr'><em>qai</em></span> <span class='ocrx_word' id='word_1_28' title='bbox 1326 885 1396 955; x_wconf 87' lang='lat' dir='ltr'><em>per</em></span> 
     </span>
     <span class='ocr_line' id='line_1_5' title="bbox 339 967 1398 1069; baseline 0.003 -29"><span class='ocrx_word' id='word_1_29' title='bbox 339 971 532 1068; x_wconf 84' lang='lat' dir='ltr'><em>incognitos</em></span> <span class='ocrx_word' id='word_1_30' title='bbox 540 967 841 1068; x_wconf 81' lang='lat' dir='ltr'><em>nobispruoineiur</em></span> <span class='ocrx_word' id='word_1_31' title='bbox 851 969 1254 1069; x_wconf 78' lang='lat' dir='ltr'><em>usqueadSepulcltrum</em></span> <span class='ocrx_word' id='word_1_32' title='bbox 1265 972 1398 1044; x_wconf 81' lang='lat' dir='ltr'><em>Christi</em></span> 
     </span>
     <span class='ocr_line' id='line_1_6' title="bbox 337 1083 1396 1186; baseline 0.003 -31"><span class='ocrx_word' id='word_1_33' title='bbox 337 1083 527 1156; x_wconf 79' lang='lat' dir='ltr'><em>salubriter</em></span> <span class='ocrx_word' id='word_1_34' title='bbox 542 1083 723 1158; x_wconf 83' lang='lat' dir='ltr'><em>conducat.</em></span> <span class='ocrx_word' id='word_1_35' title='bbox 737 1089 818 1183; x_wconf 86' lang='lat' dir='ltr'><em>lpse</em></span> <span class='ocrx_word' id='word_1_36' title='bbox 827 1088 921 1157; x_wconf 85' lang='lat' dir='ltr'><em>eru&#39;m</em></span> <span class='ocrx_word' id='word_1_37' title='bbox 937 1087 1079 1182; x_wconf 75' lang='lat' dir='ltr'><em>sapiens</em></span> <span class='ocrx_word' id='word_1_38' title='bbox 1089 1103 1269 1186; x_wconf 85' lang='lat' dir='ltr'><em>etmogrue</em></span> <span class='ocrx_word' id='word_1_39' title='bbox 1280 1103 1396 1158; x_wconf 90' lang='lat' dir='ltr'><em>aucto-</em></span> 
     </span>
     <span class='ocr_line' id='line_1_7' title="bbox 339 1198 1396 1297; baseline 0.002 -29"><span class='ocrx_word' id='word_1_40' title='bbox 339 1200 454 1272; x_wconf 83' lang='lat' dir='ltr'><em>ritatis</em></span> <span class='ocrx_word' id='word_1_41' title='bbox 478 1216 550 1290; x_wconf 89' lang='lat' dir='ltr'><em>est,</em></span> <span class='ocrx_word' id='word_1_42' title='bbox 566 1214 604 1270; x_wconf 89' lang='lat' dir='ltr'><em>et</em></span> <span class='ocrx_word' id='word_1_43' title='bbox 628 1201 666 1271; x_wconf 94' lang='lat' dir='ltr'><em>in</em></span> <span class='ocrx_word' id='word_1_44' title='bbox 681 1202 804 1297; x_wconf 90' lang='lat' dir='ltr'><em>prima</em></span> <span class='ocrx_word' id='word_1_45' title='bbox 818 1198 1036 1296; x_wconf 87' lang='lat' dir='ltr'><em>profectione</em></span> <span class='ocrx_word' id='word_1_46' title='bbox 1060 1201 1098 1270; x_wconf 89' lang='lat' dir='ltr'><em>in</em></span> <span class='ocrx_word' id='word_1_47' title='bbox 1116 1199 1275 1272; x_wconf 88' lang='lat' dir='ltr'><em>omnibus</em></span> <span class='ocrx_word' id='word_1_48' title='bbox 1301 1203 1396 1272; x_wconf 90' lang='lat' dir='ltr'><em>inter</em></span> 
     </span>
     <span class='ocr_line' id='line_1_8' title="bbox 333 1313 1392 1415; baseline 0.002 -29"><span class='ocrx_word' id='word_1_49' title='bbox 333 1318 530 1412; x_wconf 73' lang='lat' dir='ltr'><em>precipuos</em></span> <span class='ocrx_word' id='word_1_50' title='bbox 542 1313 678 1387; x_wconf 85' lang='lat' dir='ltr'><em>babitus</em></span> <span class='ocrx_word' id='word_1_51' title='bbox 689 1331 753 1388; x_wconf 91' lang='lat' dir='ltr'><em>est.</em></span> <span class='ocrx_word' id='word_1_52' title='bbox 771 1315 1033 1411; x_wconf 84' lang='lat' dir='ltr'><em>Difficultamm</em></span> <span class='ocrx_word' id='word_1_53' title='bbox 1045 1341 1180 1415; x_wconf 86' lang='lat' dir='ltr'><em>quoque</em></span> <span class='ocrx_word' id='word_1_54' title='bbox 1191 1331 1229 1388; x_wconf 90' lang='lat' dir='ltr'><em>et</em></span> <span class='ocrx_word' id='word_1_55' title='bbox 1244 1319 1392 1406; x_wconf 77' lang='lat' dir='ltr'><em>rutrum,</em></span> 
     </span>
     <span class='ocr_line' id='line_1_9' title="bbox 338 1429 1398 1530; baseline -0.001 -28"><span class='ocrx_word' id='word_1_56' title='bbox 338 1455 426 1527; x_wconf 87' lang='lat' dir='ltr'><em>quar</em></span> <span class='ocrx_word' id='word_1_57' title='bbox 455 1432 677 1527; x_wconf 86' lang='lat' dir='ltr'><em>ignoramus,</em></span> <span class='ocrx_word' id='word_1_58' title='bbox 711 1429 816 1530; x_wconf 87' lang='lat' dir='ltr'><em>longa</em></span> <span class='ocrx_word' id='word_1_59' title='bbox 844 1433 1062 1528; x_wconf 78' lang='lat' dir='ltr'><em>experientia</em></span> <span class='ocrx_word' id='word_1_60' title='bbox 1092 1457 1228 1529; x_wconf 89' lang='lat' dir='ltr'><em>gnarus</em></span> <span class='ocrx_word' id='word_1_61' title='bbox 1259 1447 1331 1518; x_wconf 91' lang='lat' dir='ltr'><em>est,</em></span> <span class='ocrx_word' id='word_1_62' title='bbox 1360 1447 1398 1502; x_wconf 90' lang='lat' dir='ltr'><em>et</em></span> 
     </span>
     <span class='ocr_line' id='line_1_10' title="bbox 332 1543 1396 1644; baseline 0.003 -29"><span class='ocrx_word' id='word_1_63' title='bbox 332 1543 510 1642; x_wconf 81' lang='lat' dir='ltr'><em>probabili</em></span> <span class='ocrx_word' id='word_1_64' title='bbox 521 1545 604 1644; x_wconf 89' lang='lat' dir='ltr'><em>jam</em></span> <span class='ocrx_word' id='word_1_65' title='bbox 622 1546 708 1618; x_wconf 75' lang='lat' dir='ltr'><em>olem</em></span> <span class='ocrx_word' id='word_1_66' title='bbox 729 1549 936 1618; x_wconf 80' lang='lat' dir='ltr'><em>strenuitate</em></span> <span class='ocrx_word' id='word_1_67' title='bbox 961 1547 1172 1618; x_wconf 74' lang='lat' dir='ltr'><em>Christianis</em></span> <span class='ocrx_word' id='word_1_68' title='bbox 1193 1562 1227 1618; x_wconf 91' lang='lat' dir='ltr'><em>et</em></span> <span class='ocrx_word' id='word_1_69' title='bbox 1239 1548 1396 1644; x_wconf 72' lang='lat' dir='ltr'><em>rogant</em></span> 
     </span>
     <span class='ocr_line' id='line_1_11' title="bbox 338 1663 1397 1764; baseline -0.002 -26"><span class='ocrx_word' id='word_1_70' title='bbox 338 1668 537 1738; x_wconf 73' lang='lat' dir='ltr'><em>notissimus</em></span> <span class='ocrx_word' id='word_1_71' title='bbox 548 1682 611 1738; x_wconf 87' lang='lat' dir='ltr'><em>est.</em></span> <span class='ocrx_word' id='word_1_72' title='bbox 629 1672 734 1738; x_wconf 87' lang='lat' dir='ltr'><em>Hunc</em></span> <span class='ocrx_word' id='word_1_73' title='bbox 745 1691 828 1764; x_wconf 88' lang='lat' dir='ltr'><em>ergo</em></span> <span class='ocrx_word' id='word_1_74' title='bbox 838 1669 873 1738; x_wconf 92' lang='lat' dir='ltr'><em>si</em></span> <span class='ocrx_word' id='word_1_75' title='bbox 887 1671 1074 1738; x_wconf 86' lang='lat' dir='ltr'><em>Maronem</em></span> <span class='ocrx_word' id='word_1_76' title='bbox 1089 1667 1143 1764; x_wconf 83' lang='lat' dir='ltr'><em>(l)</em></span> <span class='ocrx_word' id='word_1_77' title='bbox 1160 1663 1257 1738; x_wconf 87' lang='lat' dir='ltr'><em>nobis</em></span> <span class='ocrx_word' id='word_1_78' title='bbox 1268 1682 1304 1737; x_wconf 89' lang='lat' dir='ltr'><em>et</em></span> <span class='ocrx_word' id='word_1_79' title='bbox 1315 1690 1397 1737; x_wconf 92' lang='lat' dir='ltr'><em>con·</em></span> 
     </span>
     <span class='ocr_line' id='line_1_12' title="bbox 336 1782 1397 1882; baseline -0.001 -29"><span class='ocrx_word' id='word_1_80' title='bbox 336 1782 513 1854; x_wconf 78' lang='lat' dir='ltr'><em>silrarium</em></span> <span class='ocrx_word' id='word_1_81' title='bbox 531 1786 812 1881; x_wconf 67' lang='lat' dir='ltr'><em>praefecerimus,</em></span> <span class='ocrx_word' id='word_1_82' title='bbox 842 1786 1065 1856; x_wconf 79' lang='lat' dir='ltr'><em>securitatem</em></span> <span class='ocrx_word' id='word_1_83' title='bbox 1096 1782 1141 1853; x_wconf 90' lang='lat' dir='ltr'><em>ab</em></span> <span class='ocrx_word' id='word_1_84' title='bbox 1170 1792 1328 1882; x_wconf 83' lang='lat' dir='ltr'><em>Augusto</em></span> <span class='ocrx_word' id='word_1_85' title='bbox 1362 1797 1397 1852; x_wconf 86' lang='lat' dir='ltr'><em>et</em></span> 
     </span>
     <span class='ocr_line' id='line_1_13' title="bbox 337 1898 1396 1972; baseline -0.001 -3"><span class='ocrx_word' id='word_1_86' title='bbox 337 1898 512 1970; x_wconf 71' lang='lat' dir='ltr'><em>caelebem</em></span> <span class='ocrx_word' id='word_1_87' title='bbox 527 1916 651 1970; x_wconf 91' lang='lat' dir='ltr'><em>contra</em></span> <span class='ocrx_word' id='word_1_88' title='bbox 663 1900 830 1972; x_wconf 78' lang='lat' dir='ltr'><em>Etlsnr&#39;cos</em></span> <span class='ocrx_word' id='word_1_89' title='bbox 842 1898 1052 1972; x_wconf 78' lang='lat' dir='ltr'><em>babebimus.</em></span> <span class='ocrx_word' id='word_1_90' title='bbox 1073 1899 1198 1971; x_wconf 87' lang='lat' dir='ltr'><em>Nunoii</em></span> <span class='ocrx_word' id='word_1_91' title='bbox 1217 1921 1396 1970; x_wconf 81' lang='lat' dir='ltr'><em>consensu</em></span> 
     </span>
     <span class='ocr_line' id='line_1_14' title="bbox 338 2013 1397 2112; baseline -0.002 -27"><span class='ocrx_word' id='word_1_92' title='bbox 338 2015 501 2086; x_wconf 88' lang='lat' dir='ltr'><em>omnium</em></span> <span class='ocrx_word' id='word_1_93' title='bbox 526 2013 652 2087; x_wconf 88' lang='lat' dir='ltr'><em>directi</em></span> <span class='ocrx_word' id='word_1_94' title='bbox 674 2031 780 2108; x_wconf 89' lang='lat' dir='ltr'><em>sunt,</em></span> <span class='ocrx_word' id='word_1_95' title='bbox 805 2030 843 2087; x_wconf 83' lang='lat' dir='ltr'><em>et</em></span> <span class='ocrx_word' id='word_1_96' title='bbox 870 2015 1084 2112; x_wconf 75' lang='lat' dir='ltr'><em>legationem</em></span> <span class='ocrx_word' id='word_1_97' title='bbox 1112 2037 1213 2085; x_wconf 85' lang='lat' dir='ltr'><em>suam</em></span> <span class='ocrx_word' id='word_1_98' title='bbox 1240 2018 1397 2110; x_wconf 76' lang='lat' dir='ltr'><em>Augusto</em></span> 
     </span>
     <span class='ocr_line' id='line_1_15' title="bbox 338 2127 1397 2226; baseline -0.002 -28"><span class='ocrx_word' id='word_1_99' title='bbox 338 2127 491 2200; x_wconf 77' lang='lat' dir='ltr'><em>sentrude</em></span> <span class='ocrx_word' id='word_1_100' title='bbox 502 2143 768 2226; x_wconf 81' lang='lat' dir='ltr'><em>prompserunt.</em></span> <span class='ocrx_word' id='word_1_101' title='bbox 786 2128 848 2203; x_wconf 87' lang='lat' dir='ltr'><em>llle</em></span> <span class='ocrx_word' id='word_1_102' title='bbox 861 2153 964 2218; x_wconf 86' lang='lat' dir='ltr'><em>vero,</em></span> <span class='ocrx_word' id='word_1_103' title='bbox 978 2143 1018 2201; x_wconf 89' lang='lat' dir='ltr'><em>ut</em></span> <span class='ocrx_word' id='word_1_104' title='bbox 1038 2127 1278 2200; x_wconf 77' lang='lat' dir='ltr'><em>Ausoniomm</em></span> <span class='ocrx_word' id='word_1_105' title='bbox 1296 2147 1397 2197; x_wconf 86' lang='lat' dir='ltr'><em>man·</em></span> 
     </span>
     <span class='ocr_line' id='line_1_16' title="bbox 338 2239 1394 2340; baseline -0.004 -26"><span class='ocrx_word' id='word_1_106' title='bbox 338 2241 421 2314; x_wconf 85' lang='lat' dir='ltr'><em>data</em></span> <span class='ocrx_word' id='word_1_107' title='bbox 445 2244 620 2340; x_wconf 78' lang='lat' dir='ltr'><em>percepit,</em></span> <span class='ocrx_word' id='word_1_108' title='bbox 646 2267 731 2314; x_wconf 78' lang='lat' dir='ltr'><em>mox</em></span> <span class='ocrx_word' id='word_1_109' title='bbox 749 2242 875 2316; x_wconf 87' lang='lat' dir='ltr'><em>eadem</em></span> <span class='ocrx_word' id='word_1_110' title='bbox 896 2240 1098 2314; x_wconf 83' lang='lat' dir='ltr'><em>Raimundo</em></span> <span class='ocrx_word' id='word_1_111' title='bbox 1119 2242 1241 2314; x_wconf 86' lang='lat' dir='ltr'><em>comiti</em></span> <span class='ocrx_word' id='word_1_112' title='bbox 1264 2239 1394 2312; x_wconf 84' lang='lat' dir='ltr'><em>retulit.</em></span> 
     </span>
     <span class='ocr_line' id='line_1_17' title="bbox 338 2353 1399 2456; baseline -0.003 -27"><span class='ocrx_word' id='word_1_113' title='bbox 338 2356 476 2443; x_wconf 86' lang='lat' dir='ltr'><em>Quibus</em></span> <span class='ocrx_word' id='word_1_114' title='bbox 489 2356 636 2447; x_wconf 86' lang='lat' dir='ltr'><em>auditis,</em></span> <span class='ocrx_word' id='word_1_115' title='bbox 652 2357 712 2429; x_wconf 86' lang='lat' dir='ltr'><em>ille</em></span> <span class='ocrx_word' id='word_1_116' title='bbox 724 2357 934 2456; x_wconf 89' lang='lat' dir='ltr'><em>respondit:</em></span> <span class='ocrx_word' id='word_1_117' title='bbox 957 2359 1083 2430; x_wconf 77' lang='lat' dir='ltr'><em>Gratia</em></span> <span class='ocrx_word' id='word_1_118' title='bbox 1100 2358 1180 2444; x_wconf 90' lang='lat' dir='ltr'><em>Dei,</em></span> <span class='ocrx_word' id='word_1_119' title='bbox 1198 2353 1249 2426; x_wconf 76' lang='lat' dir='ltr'><em>acl</em></span> <span class='ocrx_word' id='word_1_120' title='bbox 1258 2358 1399 2452; x_wconf 71' lang='lat' dir='ltr'><em>capren-</em></span> 
     </span>
     <span class='ocr_line' id='line_1_18' title="bbox 337 2468 1399 2569; baseline 0.001 -28"><span class='ocrx_word' id='word_1_121' title='bbox 337 2468 421 2541; x_wconf 86' lang='lat' dir='ltr'><em>dnm</em></span> <span class='ocrx_word' id='word_1_122' title='bbox 441 2474 635 2542; x_wconf 81' lang='lat' dir='ltr'><em>Ierusalem</em></span> <span class='ocrx_word' id='word_1_123' title='bbox 654 2472 804 2544; x_wconf 90' lang='lat' dir='ltr'><em>multum</em></span> <span class='ocrx_word' id='word_1_124' title='bbox 823 2472 990 2560; x_wconf 78' lang='lat' dir='ltr'><em>laborari,</em></span> <span class='ocrx_word' id='word_1_125' title='bbox 1011 2473 1188 2569; x_wconf 81' lang='lat' dir='ltr'><em>seruoque,</em></span> <span class='ocrx_word' id='word_1_126' title='bbox 1211 2470 1399 2568; x_wconf 84' lang='lat' dir='ltr'><em>multisque</em></span> 
     </span>
     <span class='ocr_line' id='line_1_19' title="bbox 339 2583 1400 2685; baseline -0.003 -29"><span class='ocrx_word' id='word_1_127' title='bbox 339 2583 511 2657; x_wconf 89' lang='lat' dir='ltr'><em>laboribus</em></span> <span class='ocrx_word' id='word_1_128' title='bbox 509 2585 669 2681; x_wconf 86' lang='lat' dir='ltr'><em>fraotur,</em></span> <span class='ocrx_word' id='word_1_129' title='bbox 680 2585 807 2658; x_wconf 77' lang='lat' dir='ltr'><em>cmoclo</em></span> <span class='ocrx_word' id='word_1_130' title='bbox 816 2591 930 2685; x_wconf 87' lang='lat' dir='ltr'><em>quiete</em></span> <span class='ocrx_word' id='word_1_131' title='bbox 940 2602 1022 2685; x_wconf 87' lang='lat' dir='ltr'><em>opto</em></span> <span class='ocrx_word' id='word_1_132' title='bbox 1026 2584 1179 2684; x_wconf 80' lang='lat' dir='ltr'><em>perfrui.</em></span> <span class='ocrx_word' id='word_1_133' title='bbox 1188 2583 1250 2656; x_wconf 79' lang='lat' dir='ltr'><em>Aa</em></span> <span class='ocrx_word' id='word_1_134' title='bbox 1259 2583 1400 2680; x_wconf 79' lang='lat' dir='ltr'><em>asylum</em></span> 
     </span>
     <span class='ocr_line' id='line_1_20' title="bbox 338 2700 1394 2804; baseline 0 -32"><span class='ocrx_word' id='word_1_135' title='bbox 338 2702 540 2800; x_wconf 74' lang='lat' dir='ltr'><em>MaJestatts</em></span> <span class='ocrx_word' id='word_1_136' title='bbox 563 2718 701 2793; x_wconf 81' lang='lat' dir='ltr'><em>vestroe,</em></span> <span class='ocrx_word' id='word_1_137' title='bbox 723 2701 865 2776; x_wconf 78' lang='lat' dir='ltr'><em>donnae</em></span> <span class='ocrx_word' id='word_1_138' title='bbox 891 2710 1060 2804; x_wconf 84' lang='lat' dir='ltr'><em>Anguste,</em></span> <span class='ocrx_word' id='word_1_139' title='bbox 1086 2700 1240 2802; x_wconf 81' lang='lat' dir='ltr'><em>confugi.</em></span> <span class='ocrx_word' id='word_1_140' title='bbox 1268 2706 1394 2786; x_wconf 86' lang='lat' dir='ltr'><em>Parce,</em></span> 
     </span>
     <span class='ocr_line' id='line_1_21' title="bbox 338 2816 1397 2917; baseline -0.005 -27"><span class='ocrx_word' id='word_1_141' title='bbox 338 2839 472 2914; x_wconf 70' lang='lat' dir='ltr'><em>quaeso,</em></span> <span class='ocrx_word' id='word_1_142' title='bbox 501 2816 591 2888; x_wconf 78' lang='lat' dir='ltr'><em>neilri</em></span> <span class='ocrx_word' id='word_1_143' title='bbox 600 2871 609 2907; x_wconf 92' lang='lat'><em>,</em></span> <span class='ocrx_word' id='word_1_144' title='bbox 637 2843 682 2890; x_wconf 92' lang='lat' dir='ltr'><em>ne</em></span> <span class='ocrx_word' id='word_1_145' title='bbox 703 2843 759 2890; x_wconf 94' lang='lat' dir='ltr'><em>me</em></span> <span class='ocrx_word' id='word_1_146' title='bbox 780 2819 971 2917; x_wconf 83' lang='lat' dir='ltr'><em>compellas</em></span> <span class='ocrx_word' id='word_1_147' title='bbox 993 2818 1140 2890; x_wconf 86' lang='lat' dir='ltr'><em>alterius</em></span> <span class='ocrx_word' id='word_1_148' title='bbox 1156 2816 1397 2916; x_wconf 90' lang='lat' dir='ltr'><em>peregrinari.</em></span> 
     </span>
     <span class='ocr_line' id='line_1_22' title="bbox 339 2927 1395 3032; baseline -0.001 -29"><span class='ocrx_word' id='word_1_149' title='bbox 339 2937 537 3030; x_wconf 82' lang='lat' dir='ltr'><em>imperator</em></span> <span class='ocrx_word' id='word_1_150' title='bbox 552 2948 671 3006; x_wconf 89' lang='lat' dir='ltr'><em>autem</em></span> <span class='ocrx_word' id='word_1_151' title='bbox 689 2934 811 3032; x_wconf 83' lang='lat' dir='ltr'><em>legatis</em></span> <span class='ocrx_word' id='word_1_152' title='bbox 829 2936 903 3006; x_wconf 87' lang='lat' dir='ltr'><em>ait:</em></span> <span class='ocrx_word' id='word_1_153' title='bbox 929 2935 1098 3006; x_wconf 88' lang='lat' dir='ltr'><em>Comitem</em></span> <span class='ocrx_word' id='word_1_154' title='bbox 1121 2934 1246 3004; x_wconf 84' lang='lat' dir='ltr'><em>Sancti</em></span> <span class='ocrx_word' id='word_1_155' title='bbox 1257 2927 1395 3029; x_wconf 76' lang='lat' dir='ltr'><em>Egidu,</em></span> 
     </span>
     <span class='ocr_line' id='line_1_23' title="bbox 339 3046 1402 3140; baseline -0.003 -23"><span class='ocrx_word' id='word_1_156' title='bbox 339 3062 380 3117; x_wconf 84' lang='lat' dir='ltr'><em>ut</em></span> <span class='ocrx_word' id='word_1_157' title='bbox 393 3046 558 3120; x_wconf 84' lang='lat' dir='ltr'><em>vobiscum</em></span> <span class='ocrx_word' id='word_1_158' title='bbox 577 3051 816 3140; x_wconf 74' lang='lat' dir='ltr'><em>comitaretur,</em></span> <span class='ocrx_word' id='word_1_159' title='bbox 835 3049 1015 3121; x_wconf 85' lang='lat' dir='ltr'><em>adnmnm&#39;.</em></span> <span class='ocrx_word' id='word_1_160' title='bbox 1039 3047 1112 3119; x_wconf 85' lang='lat' dir='ltr'><em>Sed</em></span> <span class='ocrx_word' id='word_1_161' title='bbox 1129 3047 1190 3119; x_wconf 87' lang='lat' dir='ltr'><em>ille</em></span> <span class='ocrx_word' id='word_1_162' title='bbox 1209 3049 1345 3118; x_wconf 79' lang='lat' dir='ltr'><em>semum</em></span> <span class='ocrx_word' id='word_1_163' title='bbox 1365 3060 1402 3114; x_wconf 90' lang='lat' dir='ltr'><em>et</em></span> 
     </span>
     <span class='ocr_line' id='line_1_24' title="bbox 339 3159 1400 3262; baseline 0.004 -35"><span class='ocrx_word' id='word_1_164' title='bbox 339 3159 567 3250; x_wconf 88' lang='lat' dir='ltr'><em>infirmitates</em></span> <span class='ocrx_word' id='word_1_165' title='bbox 592 3189 677 3235; x_wconf 84' lang='lat' dir='ltr'><em>suos</em></span> <span class='ocrx_word' id='word_1_166' title='bbox 692 3163 894 3262; x_wconf 79' lang='lat' dir='ltr'><em>praetendit,</em></span> <span class='ocrx_word' id='word_1_167' title='bbox 921 3161 1044 3261; x_wconf 70' lang='lat' dir='ltr'><em>quibus</em></span> <span class='ocrx_word' id='word_1_168' title='bbox 1066 3161 1257 3260; x_wconf 70' lang='lat' dir='ltr'><em>impeditio</em></span> <span class='ocrx_word' id='word_1_169' title='bbox 1278 3185 1324 3230; x_wconf 89' lang='lat' dir='ltr'><em>ne</em></span> <span class='ocrx_word' id='word_1_170' title='bbox 1345 3183 1400 3229; x_wconf 77' lang='lat' dir='ltr'><em>tu-</em></span> 
     </span>
     <span class='ocr_line' id='line_1_25' title="bbox 339 3275 1401 3380; baseline 0.004 -32"><span class='ocrx_word' id='word_1_171' title='bbox 339 3275 468 3348; x_wconf 79' lang='lat' dir='ltr'><em>bircum</em></span> <span class='ocrx_word' id='word_1_172' title='bbox 490 3281 589 3351; x_wconf 81' lang='lat' dir='ltr'><em>exire</em></span> <span class='ocrx_word' id='word_1_173' title='bbox 608 3285 731 3378; x_wconf 90' lang='lat' dir='ltr'><em>possit.</em></span> <span class='ocrx_word' id='word_1_174' title='bbox 761 3288 815 3356; x_wconf 89' lang='lat' dir='ltr'><em>Ite</em></span> <span class='ocrx_word' id='word_1_175' title='bbox 839 3285 956 3354; x_wconf 88' lang='lat' dir='ltr'><em>securi</em></span> <span class='ocrx_word' id='word_1_176' title='bbox 973 3307 1065 3380; x_wconf 87' lang='lat' dir='ltr'><em>pace</em></span> <span class='ocrx_word' id='word_1_177' title='bbox 1088 3307 1179 3354; x_wconf 89' lang='lat' dir='ltr'><em>mea.</em></span> <span class='ocrx_word' id='word_1_178' title='bbox 1210 3281 1401 3380; x_wconf 74' lang='lat' dir='ltr'><em>Egregium</em></span> 
     </span>
     <span class='ocr_line' id='line_1_26' title="bbox 339 3391 1397 3493; baseline 0.002 -33"><span class='ocrx_word' id='word_1_179' title='bbox 339 3393 510 3478; x_wconf 90' lang='lat' dir='ltr'><em>comitem,</em></span> <span class='ocrx_word' id='word_1_180' title='bbox 530 3391 582 3463; x_wconf 84' lang='lat' dir='ltr'><em>ad</em></span> <span class='ocrx_word' id='word_1_181' title='bbox 598 3393 797 3492; x_wconf 82' lang='lat' dir='ltr'><em>Mojestatir</em></span> <span class='ocrx_word' id='word_1_182' title='bbox 814 3412 942 3468; x_wconf 82' lang='lat' dir='ltr'><em>nostroe</em></span> <span class='ocrx_word' id='word_1_183' title='bbox 964 3395 1110 3468; x_wconf 85' lang='lat' dir='ltr'><em>tutelam</em></span> <span class='ocrx_word' id='word_1_184' title='bbox 1126 3393 1397 3493; x_wconf 77' lang='lat' dir='ltr'><em>confugientem,</em></span> 
     </span>
     <span class='ocr_line' id='line_1_27' title="bbox 338 3503 1402 3610; baseline 0.002 -34"><span class='ocrx_word' id='word_1_185' title='bbox 338 3503 502 3603; x_wconf 69' lang='lat' dir='ltr'><em>‹effugare</em></span> <span class='ocrx_word' id='word_1_186' title='bbox 519 3507 613 3597; x_wconf 89' lang='lat' dir='ltr'><em>nolo,</em></span> <span class='ocrx_word' id='word_1_187' title='bbox 635 3511 800 3607; x_wconf 74' lang='lat' dir='ltr'><em>quianon</em></span> <span class='ocrx_word' id='word_1_188' title='bbox 818 3509 934 3583; x_wconf 84' lang='lat' dir='ltr'><em>debeo.</em></span> <span class='ocrx_word' id='word_1_189' title='bbox 955 3513 1071 3608; x_wconf 77' lang='lat' dir='ltr'><em>Legati</em></span> <span class='ocrx_word' id='word_1_190' title='bbox 1085 3511 1249 3610; x_wconf 78' lang='lat' dir='ltr'><em>protinus</em></span> <span class='ocrx_word' id='word_1_191' title='bbox 1266 3529 1402 3580; x_wconf 62' lang='lat' dir='ltr'><em>remea</em></span> 
     </span>
     <span class='ocr_line' id='line_1_28' title="bbox 340 3625 1402 3722; baseline 0.002 -31"><span class='ocrx_word' id='word_1_192' title='bbox 340 3636 485 3713; x_wconf 84' lang='lat' dir='ltr'><em>verunt,</em></span> <span class='ocrx_word' id='word_1_193' title='bbox 506 3636 542 3693; x_wconf 88' lang='lat' dir='ltr'><em>et</em></span> <span class='ocrx_word' id='word_1_194' title='bbox 559 3647 637 3722; x_wconf 74' lang='lat' dir='ltr'><em>quae</em></span> <span class='ocrx_word' id='word_1_195' title='bbox 655 3625 843 3700; x_wconf 84' lang='lat' dir='ltr'><em>audierant</em></span> <span class='ocrx_word' id='word_1_196' title='bbox 861 3627 1173 3700; x_wconf 80' lang='lat' dir='ltr'><em>renunciaverunt.</em></span> <span class='ocrx_word' id='word_1_197' title='bbox 1200 3625 1292 3697; x_wconf 86' lang='lat' dir='ltr'><em>Hinc</em></span> <span class='ocrx_word' id='word_1_198' title='bbox 1315 3645 1402 3694; x_wconf 87' lang='lat' dir='ltr'><em>oon·</em></span> 
     </span>
     <span class='ocr_line' id='line_1_29' title="bbox 342 3735 1399 3827; baseline 0.006 -20"><span class='ocrx_word' id='word_1_199' title='bbox 342 3735 490 3811; x_wconf 86' lang='lat' dir='ltr'><em>turbatis</em></span> <span class='ocrx_word' id='word_1_200' title='bbox 513 3740 682 3814; x_wconf 90' lang='lat' dir='ltr'><em>omnibus</em></span> <span class='ocrx_word' id='word_1_201' title='bbox 709 3757 745 3814; x_wconf 90' lang='lat' dir='ltr'><em>et</em></span> <span class='ocrx_word' id='word_1_202' title='bbox 769 3741 909 3816; x_wconf 83' lang='lat' dir='ltr'><em>diversa</em></span> <span class='ocrx_word' id='word_1_203' title='bbox 928 3743 1084 3816; x_wconf 86' lang='lat' dir='ltr'><em>invicem</em></span> <span class='ocrx_word' id='word_1_204' title='bbox 1112 3737 1399 3827; x_wconf 78' lang='lat' dir='ltr'><em>mussitantibus,</em></span> 
     </span>
    </p>
   </div>
   <div class='ocr_carea' id='block_1_3' title="bbox 957 3925 1139 3936">
    <p class='ocr_par' dir='ltr' id='par_1_3' title="bbox 957 3925 1139 3936">
     <span class='ocr_line' id='line_1_30' title="bbox 957 3925 1139 3936; baseline -0.011 0"><span class='ocrx_word' id='word_1_205' title='bbox 957 3925 1139 3936; x_wconf 63' lang='lat' dir='ltr'><em>-u——o—-u-—n-</em></span> 
     </span>
    </p>
   </div>
   <div class='ocr_carea' id='block_1_4' title="bbox 340 4024 1403 4276">
    <p class='ocr_par' dir='ltr' id='par_1_4' title="bbox 340 4024 1403 4276">
     <span class='ocr_line' id='line_1_31' title="bbox 374 4024 1402 4104; baseline 0.007 -27"><span class='ocrx_word' id='word_1_206' title='bbox 374 4024 421 4092; x_wconf 84' lang='lat' dir='ltr'><em>(l).</em></span> <span class='ocrx_word' id='word_1_207' title='bbox 437 4024 557 4099; x_wconf 88' lang='lat' dir='ltr'><em>Virgile.</em></span> <span class='ocrx_word' id='word_1_208' title='bbox 573 4026 621 4084; x_wconf 91' lang='lat' dir='ltr'><em>Ou</em></span> <span class='ocrx_word' id='word_1_209' title='bbox 638 4029 690 4083; x_wconf 76' lang='lat' dir='ltr'><em>suit</em></span> <span class='ocrx_word' id='word_1_210' title='bbox 701 4048 756 4103; x_wconf 87' lang='lat' dir='ltr'><em>que</em></span> <span class='ocrx_word' id='word_1_211' title='bbox 769 4048 800 4084; x_wconf 89' lang='lat' dir='ltr'><em>ce</em></span> <span class='ocrx_word' id='word_1_212' title='bbox 814 4030 904 4104; x_wconf 82' lang='lat' dir='ltr'><em>grand</em></span> <span class='ocrx_word' id='word_1_213' title='bbox 917 4037 997 4104; x_wconf 84' lang='lat' dir='ltr'><em>po&#39;e&#39;te</em></span> <span class='ocrx_word' id='word_1_214' title='bbox 1012 4034 1081 4088; x_wconf 80' lang='lat' dir='ltr'><em>e&#39;tait</em></span> <span class='ocrx_word' id='word_1_215' title='bbox 1096 4031 1240 4088; x_wconf 75' lang='lat' dir='ltr'><em>considite</em></span> <span class='ocrx_word' id='word_1_216' title='bbox 1254 4049 1289 4086; x_wconf 79' lang='lat' dir='ltr'><em>au</em></span> <span class='ocrx_word' id='word_1_217' title='bbox 1302 4047 1402 4102; x_wconf 75' lang='lat' dir='ltr'><em>moyen</em></span> 
     </span>
     <span class='ocr_line' id='line_1_32' title="bbox 340 4111 1403 4192; baseline 0.006 -27"><span class='ocrx_word' id='word_1_218' title='bbox 340 4111 391 4182; x_wconf 70' lang='lat' dir='ltr'><em>ige</em></span> <span class='ocrx_word' id='word_1_219' title='bbox 404 4128 511 4166; x_wconf 83' lang='lat' dir='ltr'><em>comme</em></span> <span class='ocrx_word' id='word_1_220' title='bbox 523 4112 550 4168; x_wconf 84' lang='lat' dir='ltr'><em>lo</em></span> <span class='ocrx_word' id='word_1_221' title='bbox 563 4113 626 4187; x_wconf 84' lang='lat' dir='ltr'><em>pina</em></span> <span class='ocrx_word' id='word_1_222' title='bbox 642 4115 735 4173; x_wconf 86' lang='lat' dir='ltr'><em>habile</em></span> <span class='ocrx_word' id='word_1_223' title='bbox 747 4117 796 4173; x_wconf 84' lang='lat' dir='ltr'><em>des</em></span> <span class='ocrx_word' id='word_1_224' title='bbox 812 4119 1009 4177; x_wconf 84' lang='lat' dir='ltr'><em>enchanteurs.</em></span> <span class='ocrx_word' id='word_1_225' title='bbox 1028 4121 1066 4176; x_wconf 86' lang='lat' dir='ltr'><em>lei</em></span> <span class='ocrx_word' id='word_1_226' title='bbox 1080 4137 1130 4176; x_wconf 82' lang='lat' dir='ltr'><em>ton</em></span> <span class='ocrx_word' id='word_1_227' title='bbox 1143 4136 1209 4174; x_wconf 88' lang='lat' dir='ltr'><em>nom</em></span> <span class='ocrx_word' id='word_1_228' title='bbox 1221 4129 1263 4175; x_wconf 82' lang='lat' dir='ltr'><em>est</em></span> <span class='ocrx_word' id='word_1_229' title='bbox 1275 4117 1403 4192; x_wconf 81' lang='lat' dir='ltr'><em>employe&#39;</em></span> 
     </span>
     <span class='ocr_line' id='line_1_33' title="bbox 341 4197 811 4276; baseline 0.021 -23"><span class='ocrx_word' id='word_1_230' title='bbox 341 4197 410 4254; x_wconf 80' lang='lat' dir='ltr'><em>dane</em></span> <span class='ocrx_word' id='word_1_231' title='bbox 423 4201 449 4256; x_wconf 86' lang='lat' dir='ltr'><em>le</em></span> <span class='ocrx_word' id='word_1_232' title='bbox 463 4219 526 4257; x_wconf 81' lang='lat' dir='ltr'><em>aena</em></span> <span class='ocrx_word' id='word_1_233' title='bbox 539 4201 574 4257; x_wconf 87' lang='lat' dir='ltr'><em>de</em></span> <span class='ocrx_word' id='word_1_234' title='bbox 587 4203 681 4276; x_wconf 77' lang='lat' dir='ltr'><em>guida,</em></span> <span class='ocrx_word' id='word_1_235' title='bbox 698 4206 811 4264; x_wconf 82' lang='lat' dir='ltr'><em>conseil.</em></span> 
     </span>
    </p>
   </div>
   <div class='ocr_carea' id='block_1_5' title="bbox 0 0 1603 5052">
    <p class='ocr_par' dir='ltr' id='par_1_5' title="bbox 0 0 1603 5052">
     <span class='ocr_line' id='line_1_34' title="bbox 0 0 1603 5052; baseline 0 0"><span class='ocrx_word' id='word_1_236' title='bbox 0 0 1603 5052; x_wconf 95' lang='lat' dir='ltr'><em> </em></span> 
     </span>
    </p>
   </div>
  </div>
 </body>
</html>
