2888 4934
274 440 336 501 486
541 436 726 497 HISTORIA
747 431 1057 499 scelestissimi.
1229 440 1338 517 [1128]

273 575 372 641 Tunc
394 566 594 643 Robdcrtus
620 568 711 660 dux,
739 572 801 667 qui
828 569 876 641 ad
901 558 1038 643 Divisas
1059 570 1114 666 (l)
1135 573 1172 640 in
1194 593 1337 644 carcere

273 685 495 779 servabatur,
510 685 547 756 in
562 686 704 757 somnio
720 685 857 759 viderat
870 686 970 784 quod
987 689 1025 758 in
1042 685 1193 758 brachio
1211 686 1335 760 dextro

274 801 396 875 lancea
422 800 704 902 percutiebatur,
733 824 851 900 eoque
875 826 959 874 mox
986 800 1207 902 privabatur.
1234 805 1336 875 hians

274 931 393 1001 autem
416 916 699 1015 expergefactus,
722 916 812 988 dixit
831 916 1054 991 adstantibus
1077 946 1087 989 z
1115 915 1213 988 Heu!
1237 918 1336 1006 filius

275 1056 375 1103 nicus
391 1049 551 1103 mortuus
570 1048 635 1103 est.
662 1032 831 1104 Nondum
850 1057 975 1107 rumor
994 1033 1079 1105 illuc
1097 1056 1161 1104 ore
1184 1034 1335 1105 nuncio·

272 1171 356 1218 rum
377 1147 533 1246 perlatus
554 1146 683 1240 suerat,
703 1147 792 1219 dum
808 1160 909 1247 pater
925 1147 1002 1244 ejus
1018 1148 1056 1218 in
1074 1147 1224 1219 somniis
1243 1146 1335 1219 istud

274 1261 423 1335 edoctus
434 1262 678 1335 coessentibus
691 1262 892 1336 intimabat.
907 1264 980 1350 Qui
992 1277 1029 1336 et
1041 1262 1117 1362 ipse
1130 1276 1215 1361 post
1226 1287 1262 1334 vr
1275 1286 1335 1334 au·

275 1407 343 1455 nos
366 1383 523 1456 Carduili
548 1383 603 1480 (2)
626 1383 815 1459 destructus
837 1397 908 1473 est,
936 1397 989 1475 et,
1016 1383 1063 1456 de
1086 1405 1231 1455 carcere
1253 1396 1336 1455 tuno

275 1499 419 1594 ejectus,
438 1499 654 1573 Glouoestrae
669 1498 828 1598 sepultus
843 1513 909 1571 cst.

324 1618 459 1686 XLVll.
476 1619 565 1688 Ecce
577 1615 755 1688 Ambrosii
768 1615 905 1687 hierlini
917 1614 1118 1714 prophetia,
1130 1639 1242 1712 quam
1253 1629 1336 1686 tem·

276 1754 365 1829 pore
385 1732 613 1829 Guortigemi
635 1732 726 1827 regis
747 1732 803 1828 (3)
826 1731 1013 1805 Britanniae
1031 1729 1246 1802 vaticinatus
1267 1745 1333 1821 est,

276 1869 342 1944 per
354 1870 399 1918 nc
410 1870 525 1919 annos
538 1846 575 1919 in
585 1846 754 1946 'pluribus
765 1846 950 1918 manifeste
960 1845 1140 1943 completa
1152 1859 1220 1916 est.
1237 1845 1337 1917 Unde

275 1962 363 2034 libet
381 1962 469 2034 mihi
488 1962 651 2060 quaedam
668 1962 753 2035 huic
771 1960 944 2062 opuscolo
961 1961 1130 2054 inserere,
1149 1984 1231 2057 quae
1251 1975 1336 2033 tem·

278 2077 427 2176 poribus
441 2080 553 2151 aetatis
565 2092 696 2151 nostrae
706 2076 875 2150 videntur
886 2091 1102 2176 competere.
1120 2080 1338 2175 Contempo-

277 2213 407 2265 raneus
431 2194 565 2291 quippe
589 2193 696 2265 beato
721 2195 920 2284 Germano,
944 2190 1244 2264 ludaiodorensi
1265 2192 1337 2291 epi·
1432 2194 1434 2205 ⁴

277 2328 406 2403 scopo,
425 2306 508 2397 luit,
531 2308 594 2404 qui
616 2322 778 2405 tempore
797 2306 1036 2380 Valentiniani
1052 2306 1284 2404 imperatoris
1301 2307 1336 2379 in

279 2421 497 2495 Britanniam
510 2421 566 2493 bis
578 2421 828 2514 transfretavit,
845 2437 882 2495 et
892 2436 1019 2495 oontm
1034 2421 1229 2518 Pelagium,
1247 2422 1336 2518 ejus·

267 2560 350 2635 ·que
359 2558 542 2642 sequaces,
560 2537 596 2608 in
609 2537 759 2633 gratiam
774 2538 839 2608 Dei
856 2538 1062 2634 garrientes,
1078 2536 1286 2635 disputavit,
1300 2549 1336 2607 et

276 2652 441 2753 pluribus
460 2654 568 2752 signis
584 2654 622 2726 in
641 2655 790 2726 nomine
806 2656 952 2727 Domini
968 2656 1136 2754 peractis,
1155 2654 1337 2728 haereticos

276 2769 484 2842 confutavit.
507 2770 664 2864 Deinde,
686 2786 877 2869 postquam
900 2771 1080 2844 Pascbalia
1100 2771 1189 2843 festa
1209 2772 1337 2844 devote

275 2885 489 2977 celebravit,
517 2901 645 2960 contra
669 2887 991 2983 Saxones-Anglos,
1015 2888 1078 2986 qui
1102 2900 1190 2960 tunc
1210 2886 1336 2985 pagani

275 3001 495 3073 christicolas
507 3002 668 3074 Britoncs
683 3001 960 3104 oppugnabant,
980 3001 1169 3100 pugnavit,
1189 3015 1244 3090 et,
1260 2999 1337 3098 plus

277 3115 442 3225 precibus
467 3141 577 3213 quam
602 3118 710 3189 armis
731 3116 916 3209 robustus,
941 3142 1024 3189 cum
1046 3115 1204 3188 exercitu
1225 3138 1338 3212 nuper

277 3228 560 3328 baptizatorum,
585 3232 732 3309 Alleluia
757 3231 973 3327 vociferans,
1004 3231 1189 3304 ethnicum
1210 3253 1337 3327 agmen

278 3344 410 3440 fugavit
429 3347 495 3444 (4).
519 3350 555 3420 Si
577 3349 657 3446 quis
678 3348 754 3421 haec
774 3363 810 3420 et
829 3348 899 3420 alia
921 3346 967 3420 de
987 3346 1129 3419 casibus
1152 3347 1338 3418 Britonum

277 3456 416 3571 plenius
432 3487 538 3534 nosse
551 3458 741 3556 desiderat,
755 3461 868 3534 Gildae
881 3461 1034 3533 Britonis
1044 3459 1335 3558 historiographi,

312 3737 352 3807 (t)
371 3736 408 3791 Le
420 3735 536 3810 chiteau
547 3737 582 3792 de
594 3738 722 3804 Devizcs,
736 3736 806 3791 daus
817 3735 843 3790 le
855 3734 1016 3791 Wiltshire.

312 3826 351 3896 (2)
369 3824 407 3878 Le
419 3823 535 3878 chiteau
551 3825 585 3879 de
598 3825 718 3890 Cardiff,
733 3824 869 3880 chel-lieu
882 3824 922 3879 du
933 3822 1189 3897 Clamorgaoshire.

313 3914 352 3983 (3)
370 3913 538 3987 Vortigern,
555 3913 596 3967 roi
609 3913 657 3967 des
670 3915 784 3969 brotona
798 3932 834 3969 en
849 3915 912 3970 tlt.

313 4002 352 4069 (l)
371 4002 410 4055 Cc
423 4001 545 4074 premier
556 4018 658 4071 voyage
670 4000 705 4054 dc
717 4002 790 4055 saint
801 4000 951 4068 Germain,
966 4000 1071 4074 eoique
1084 3997 1255 4066 d’Anxerm,
1268 3995 1340 4053 etde

278 4090 349 4141 saint
364 4091 450 4162 Loup,
464 4090 568 4163 dvequc
580 4089 614 4142 dc
627 4089 747 4159 Troycs‚
762 4099 803 4142 est
814 4088 851 4143 de
863 4090 928 4157 tao,
946 4089 1016 4145 ainsi
1029 4104 1084 4161 que
1096 4086 1122 4143 la
1133 4086 1253 4143 victoire
1266 4103 1339 4142 ren·

281 4181 374 4244 ,rot-tec
388 4197 433 4232 sur
446 4178 485 4233 lcs
502 4179 633 4235 Barbaros
647 4197 682 4233 au
694 4178 734 4232 cri
749 4177 910 4234 ‹l'Alleltu'u¹
