2888 4934
195 390 256 452 444
459 388 644 451 nistonts
664 389 970 454 EGGLRSthl'lCd.
1143 397 1248 478 [tirel

192 520 344 594 consilio
367 521 488 620 potiti,
515 545 641 621 pacem
664 522 841 615 lecerunt,
868 537 905 596 et
922 524 961 595 in
984 525 1142 598 emhitie
1162 528 1249 627 regis

192 638 346 736 recepti,
376 638 504 710 turrim
534 637 566 709 ei
591 637 836 711 reddidentnt.
870 637 959 712 lnde
990 663 1050 712 rex
1079 644 1250 717 Pontem-

192 752 371 828 Aldemari
398 752 507 847 adiit,
537 766 574 826 et
600 777 661 826 sex
688 753 894 852 septimanis
921 769 1080 828 mtrem
1104 754 1251 831 viriliter

192 869 347 943 obsedit.

242 987 397 1060 Adelinoe
411 1011 516 1080 vero,
537 986 622 1084 qnia
636 984 824 1080 liodberti,
845 986 891 1059 de
906 985 1076 1060 llellento
1090 987 1248 1078 comit‘n,

192 1101 265 1174 filis
282 1102 366 1195 fuit,
383 1115 420 1174 et
433 1100 509 1173 filio
524 1101 601 1198 ejus
620 1127 630 1170 :
647 1099 875 1174 Gualernnno
893 1099 968 1199 (l),
986 1101 1136 1200 planem
1151 1100 1250 1173 tellu-

191 1240 269 1287 rem
285 1216 341 1315 (2)
355 1216 418 1289 teli
433 1230 558 1288 tencre
573 1238 636 1287 rex
655 1216 830 1288 concessit
844 1240 855 1286 s
870 1216 900 1287 si
917 1219 1022 1313 lingo
1039 1213 1195 1313 pacifice
1207 1214 1251 1288 sd

192 1332 311 1430 ipsum
332 1330 537 1431 repedaret,
559 1331 699 1429 sibique
722 1329 856 1403 amodo
877 1329 992 1404 fidelis
1012 1344 1049 1403 ct
1073 1330 1253 1404 famihm's

191 1447 327 1519 amicus
339 1448 514 1520 existeret.
533 1446 643 1535 Quod
658 1446 819 1537 audiens,
838 1450 941 1543 Ilugo
955 1446 1090 1546 sprevit
1103 1461 1250 1535 temere,

191 1576 228 1634 et
243 1562 478 1637 exheredatus
493 1562 619 1636 maluit
633 1561 801 1635 omnihus
817 1563 890 1634 suis
906 1585 1045 1655 cerere,
1066 1586 1182 1659 quam
1197 1584 1250 1633 re·

190 1678 400 1752 conciliatus
419 1680 511 1776 regi,
534 1702 555 1752 a
575 1703 649 1777 quo
666 1678 819 1752 nutritus
839 1691 876 1751 et
890 1677 1102 1751 sublimatus
1116 1675 1249 1767 firmat,

191 1795 338 1869 feliciter
353 1798 536 1869 inherere.

238 1915 377 1983 XXXV.
395 1911 532 1984 Eodem
544 1935 679 2003 mense,
696 1911 920 1984 venerandus
931 1910 1044 2002 Serlo,
1059 1924 1250 2009 postquam

190 2024 890 2127 Salariensemepiscopetumxxxnannis
896 2026 1072 2120 rexit,vrr⁰
1081 2023 1251 2097 kalendas

189 2141 396 2213 novembris
404 2143 441 2214 in
450 2143 598 2215 ecclesia
606 2141 727 2215 Sancti
734 2141 907 2232 Gervasii‚
917 2140 1084 2236 martyris
1091 2138 1162 2236 (3),
1174 2139 1251 2210 mis·

189 2276 267 2324 sam
282 2258 456 2346 cantavit3
478 2281 552 2355 qua
570 2255 687 2349 finita,
710 2257 847 2328 clericis
860 2269 897 2328 et
912 2255 1083 2327 ministris
1098 2253 1251 2325 ecclesie

190 2370 343 2464 vocatis,
361 2369 451 2444 dixit
470 2400 479 2443 ε
500 2378 622 2444 AEtote
639 2388 675 2443 et
692 2371 870 2444 debilinrte
878 2369 1052 2468 frangor,
1067 2368 1251 2465 finemque

191 2507 308 2554 meum
325 2485 415 2558 midi
423 2486 508 2585 jam
529 2489 714 2558 imminere
729 2489 881 2559 intueor.
903 2487 1058 2556 Domino
1074 2488 1170 2567 Deo,
1193 2484 1252 2580 qui

189 2623 247 2669 me
264 2599 355 2672 vobis
366 2604 426 2672 sni
440 2606 608 2675 vicariurn
619 2606 827 2700 preposuit,
848 2627 904 2673 vor
918 2597 1139 2683 sonvnendo,
1157 2621 1201 2667 ac
1215 2612 1250 2666 ut

186 2739 256 2810 pro
288 2742 346 2786 me
377 2715 565 2816 dignanter
595 2720 631 2787 ei
661 2717 883 2788 clementiora
912 2715 1067 2785 exoretis
1096 2710 1245 2783 obsecro.

189 2833 300 2903 Locos
314 2832 441 2905 antodo
456 2833 645 2931 sepulture
661 2835 750 2904 milii
756 2848 995 2932 preparetur,
1016 2831 1102 2927 qsn'o
1117 2846 1249 2924 tempos

188 2944 415 3018 habitationis
439 2975 525 3020 mee
539 2949 624 3048 jom
648 2951 740 3020 inter
766 2973 822 3017 vos
846 2945 1083 3018 adbreriotur.
1112 2940 1249 3014 Deinde

188 3082 272 3130 curn
293 3060 388 3133 clero
409 3062 456 3135 sd
477 3087 575 3135 aram
597 3078 725 3135 sanctie
745 3063 811 3133 Dei
834 3061 1015 3159 genitricis
1034 3059 1157 3131 Mariae
1176 3081 1250 3155 per

225 3319 265 3387 (l)
276 3318 300 3371 Il
313 3337 347 3374 ne
360 3320 448 3393 parsit
461 3337 576 3394 pesque
588 3337 619 3374 ce
628 3320 714 3391 jeune
723 3319 854 3390 seigneur
863 3317 903 3371 ait
915 3317 993 3371 recu.

224 3406 310 3462 Anno
331 3427 475 3466 sciren...
494 3411 576 3484 lingo
594 3408 629 3464 de
651 3406 793 3480 Montsort
806 3407 922 3481 fecerat
942 3402 1086 3478 qnoddam
1106 3403 1251 3458 castellum

189 3492 391 3551 validissimum
401 3500 431 3552 in
440 3497 536 3553 eodem
548 3499 616 3552 loeo.
633 3495 715 3570 Quod
724 3515 787 3551 cum
797 3514 849 3552 rex
858 3498 1057 3566 interregem,
1070 3491 1162 3546 nohsr't
1170 3488 1250 3554 dnn,

188 3586 295 3639 monitu
316 3589 412 3640 uxoris
433 3606 509 3654 suoe,
529 3589 634 3642 sororis
659 3586 817 3641 Galemnni
833 3585 941 3639 conniis
957 3581 1100 3646 Mellents',
1125 3581 1177 3650 qui
1192 3578 1252 3651 jam

188 3671 330 3727 discordia
346 3676 496 3744 propalato
509 3695 528 3730 a
539 3694 606 3749 rege
618 3674 796 3730 discesserat.
818 3671 901 3745 Quod
912 3680 1036 3726 castrum
1052 3686 1105 3723 rex
1120 3665 1253 3723 obsidens

188 3764 269 3832 cepit.
291 3760 401 3816 Deinde
420 3763 648 3819 Pont-AIdemer
670 3762 815 3825 obsideres,
844 3761 990 3816 castellum
1020 3759 1145 3820 comitis,
1173 3758 1253 3828 cepit.

188 3849 298 3905 Deinde
310 3850 488 3917 Bricnnium‚
504 3852 620 3907 sednon
634 3852 802 3925 unstrode,
817 3852 898 3924 cepit.
912 3851 922 3920 l
928 3846 1000 3903 llnb.
1013 3845 1049 3899 dc
1061 3845 1162 3900 Monte
1175 3845 1252 3916 App.

188 3937 228 3991 nd
238 3939 436 4011 Sigibertum.)

221 4027 260 4098 (2)
274 4029 310 4081 La
322 4031 434 4100 portion
445 4027 547 4091 rurale,
562 4027 587 4081 le
600 4029 729 4084 demaine
745 4029 812 4085 utile
827 4028 862 4083 de
873 4029 1020 4084 l’lronnetsr
1033 4025 1069 4080 de
1085 4023 1235 4079 Montsort.

223 4114 260 4182 (3)
280 4114 315 4168 La
330 4114 487 4171 cathedrale
501 4113 535 4170 de
552 4114 629 4169 Se'ez.
