3256 5048
334 511 374 572 74
605 506 792 568 nls'ronlt
813 505 1121 574 Eccnsssltsrlct.
1181 511 1394 589 [tono-1100]

333 665 473 739 mopere
489 639 545 738 (t)
561 637 812 712 desideramus.
831 642 1053 740 Astgemina
1062 639 1277 736 ‹It'sficultnte
1288 667 1393 716 coan-

329 773 526 856 gurtamur.
537 755 953 847 Hicetenimitonorfice‚
963 754 1225 830 mutabilitatem
1232 774 1392 830 nostram

332 870 439 958 decet,
455 875 633 944 remorari
645 873 841 970 nequimus,
859 873 975 943 necin
990 871 1129 946 Gallim
1144 896 1303 945 remeare
1315 875 1393 946 sine

329 991 434 1088 gravi
445 987 649 1062 discrimine
665 989 831 1062 valemus.
852 987 1095 1074 Buamurulru,
1117 991 1396 1062 Antiochiano

231 1143 234 1148 ·
332 1103 620 1204 circumjacentes
638 1106 843 1202 provincias
857 1101 1060 1200 mecedem,
1075 1108 1216 1202 passim
1231 1103 1392 1176 domina-

333 1235 403 1308 tur,
424 1245 488 1291 nee
504 1223 543 1291 in
554 1219 611 1292 tuli
624 1217 821 1318 regionibus
829 1243 960 1316 parem
972 1216 1041 1290 sibi
1049 1217 1240 1317 quemlibet
1245 1224 1329 1318 pati
1338 1219 1393 1291 di·

329 1351 474 1434 gnatur.
494 1336 680 1434 Naaigium
697 1359 776 1406 aero
791 1332 842 1405 ad
852 1333 1158 1428 transfretandum
1171 1333 1270 1407 nota
1281 1335 1389 1423 deest,

331 1467 367 1522 et
382 1453 451 1522 iter
464 1449 562 1522 nobie
576 1467 752 1539 terrestre,
771 1452 918 1548 niriper
930 1463 1064 1521 terram
1076 1455 1240 1551 Augruti,
1255 1453 1394 1524 nullum

332 1583 396 1639 ert.
411 1571 543 1656 Porro,
560 1567 667 1656 illud,
688 1569 762 1640 nni
773 1565 1041 1638 benivolentiam
1057 1566 1135 1667 ejus
1151 1568 1390 1657 hahuerimus,

328 1683 567 1782 periculosum
591 1675 665 1768 ωε)
691 1682 835 1780 ideoque
859 1687 954 1754 inter
979 1681 1148 1754 tamara
1173 1683 1308 1756 mooun·
1324 1707 1396 1782 per

332 1799 453 1872 anns
467 1801 577 1873 cniles
595 1802 650 1900 (2)
667 1798 908 1872 nuticulorum
924 1798 980 1895 (3)
994 1813 1058 1870 ert.
1077 1799 1291 1873 Multimodn
1306 1825 1397 1899 eger·

334 1933 406 1989 tate
425 1922 638 2015 premimur,
666 1933 703 1989 et
726 1913 920 1987 muitarum
948 1913 1272 1988 incommoditatum
1302 1931 1397 1988 metu

333 2035 500 2132 angimur
511 2033 578 2131 (4).
596 2034 739 2132 Ingenti
754 2027 1030 2128 lohorefan'gati
1041 2055 1176 2121 sumar,
1192 2057 1235 2103 oe
1250 2031 1301 2103 ad
1314 2057 1396 2103 noo·

334 2163 405 2238 tro,
427 2165 469 2219 ut
475 2148 559 2246 jam
571 2151 660 2220 satu
677 2147 810 2220 dictum
825 2161 889 2231 ert,
911 2143 1026 2216 redire
1035 2163 1287 2244 peroptamur;
1306 2143 1401 2244 quod

327 2289 399 2360 per
414 2290 515 2336 mare
526 2289 589 2334 seu
600 2289 670 2362 per
684 2281 829 2347 terram,
848 2263 922 2332 niri
925 2286 996 2358 per
1009 2285 1137 2332 manus
1149 2263 1394 2359 Imperatorit,

330 2395 541 2476 perpetrare
552 2405 625 2451 non
639 2381 805 2452 valemus.
824 2377 921 2469 Quid
930 2376 1228 2476 ergofaciemus?
1241 2381 1310 2450 Hic
1323 2373 1400 2447 diu·

336 2496 405 2565 titis
421 2494 629 2567 remorandi
644 2511 758 2567 vuum
773 2519 847 2570 non
862 2513 925 2586 est,
943 2499 1170 2592 omniumque
1178 2495 1336 2592 penuria
1346 2490 1401 2588 (5)

336 2636 456 2683 rerum
479 2617 582 2712 eegrit
603 2630 640 2685 et
658 2612 763 2707 sessu
787 2613 947 2688 exulibur
970 2617 1008 2686 in
1025 2626 1197 2711 promptu
1219 2625 1282 2681 est.
1311 2613 1400 2680 Pro·

336 2731 446 2800 missa
459 2732 567 2828 igitur
581 2735 801 2823 Graecorum,
822 2734 905 2803 licet
919 2727 1117 2832 versipelles
1133 2728 1189 2824 (6)
1204 2729 1296 2816 sint,
1313 2723 1400 2794 rcci-

330 2848 498 2942 piamuc,
517 2860 554 2917 et
571 2842 616 2916 ab
632 2848 683 2918 eis
694 2848 846 2944 pacifioe
861 2847 999 2938 obhzta,
1019 2849 1187 2945 quoniam
1208 2841 1404 2914 Cirun'oni

336 2977 431 3049 sunt,
452 2961 525 3034 nect
538 2964 782 3060 smcmramur,
800 2963 895 3062 quod
908 2961 1006 3036 nobis
1023 2977 1064 3033 ut
1064 2960 1246 3057 facerent,
1263 2956 1402 3026 obrumr

331 3076 496 3173 precibus
508 3077 690 3152 obsecrare
705 3077 918 3152 deberemus.

387 3191 545 3264 Tandem
570 3195 661 3267 Galli
691 3201 788 3288 Deo,
816 3199 853 3269 in
882 3195 983 3291 cujus
1009 3215 1120 3264 manu
1149 3203 1233 3260 sunt
1259 3187 1400 3272 omnia,

339 3333 415 3382 sese
438 3311 799 3402 commendaverunt,
823 3327 860 3384 et
880 3308 1056 3406 indigenis
1080 3305 1152 3403 (7),
1178 3304 1215 3375 in
1235 3300 1404 3374 omnibus

338 3447 419 3522 quae
431 3427 715 3524 spoponderant,
730 3426 931 3525 benigniter
942 3435 1158 3496 annuerunt.
1171 3418 1227 3492 Illi
1239 3441 1325 3516 ergo
1342 3413 1404 3488 ad-

377 3721 415 3794 (t)
434 3721 483 3777 Gl.
499 3722 552 3778 int.
565 3747 571 3778 :
587 3725 717 3779 velociter
729 3722 876 3780 reinalde.

375 3812 415 3884 (2)
433 3810 483 3868 Gl.
497 3813 568 3868 int.:
585 3816 694 3868 itinera.

377 3903 416 3974 (3)
434 3901 483 3959 Gl.
499 3903 569 3958 int.:
585 3912 660 3957 metu
673 3903 797 3974 plenum.

365 3994 419 4066 ¹(i)
437 3993 485 4050 Gl.
500 3993 568 4049 int:
584 3996 791 4066 angustiamur.

380 4082 422 4158 (5)
438 4082 487 4139 Gl.
502 4082 571 4137 int.:
587 4091 752 4155 paupertas.

378 4172 418 4243 (6)
436 4171 485 4226 Gl.
500 4172 570 4226 iun:
586 4171 729 4226 latriones.

380 4263 420 4332 (7)
437 4260 484 4316 Gl.
500 4261 552 4315 int.
567 4285 571 4314 :
587 4259 653 4316 inde
666 4263 776 4334 genitis.
