2888 4934
189 425 228 485 68
464 418 648 481 HISTORIA
671 419 978 483 Ecctmtssttct.
1141 425 1250 505 [toea]

190 556 358 643 turbatio,
379 571 414 628 et
429 556 523 627 loeda
539 555 782 628 desertoribus
799 559 834 629 in
854 556 966 628 oculis
983 556 1146 628 omnium
1164 582 1251 630 con·

190 673 294 745 lusio.
309 671 471 744 Urbanus
479 673 574 744 enim
588 676 682 770 Papa
690 672 844 770 generali
856 687 1018 745 sanxerat
1024 673 1246 761 auctoritate,

189 805 225 860 et
234 786 431 887 apostolico
436 788 534 883 jussu
548 787 799 860 inviolabiliter
807 790 919 861 teneri
929 805 1094 886 coegerat
1102 791 1139 861 in
1150 792 1251 863 omni

189 904 375 976 Latinitate
397 919 434 975 ut
460 905 615 977 universi
635 907 696 1002 qui
711 930 856 977 crucem
876 904 1005 977 Christi
1021 922 1247 1004 acceperant,

188 1044 255 1091 uec
267 1021 332 1090 iter
347 1020 383 1090 iu
397 1019 587 1090 ierusalem
602 1045 669 1117 pro
684 1019 883 1093 desectione
898 1021 1090 1094 voluntatis
1103 1045 1249 1119 perege·

189 1151 282 1222 rant,
295 1136 331 1207 in
344 1136 491 1206 nomine
503 1136 648 1207 Domini
664 1139 887 1236 reciprocum
898 1136 1024 1209 callem
1034 1137 1177 1226 inirent,
1190 1152 1250 1232 ant

187 1238 414 1323 anathemate
432 1253 608 1349 percussi,
627 1269 726 1325 extra
742 1255 938 1326 Ecclesiam
956 1279 1080 1352 poenas
1096 1254 1247 1327 luerent.

188 1365 407 1441 Multimodis
434 1367 553 1464 itaque
581 1370 794 1442 constrictus
823 1369 999 1468 angariis,
1027 1368 1248 1468 Stephanus,

188 1480 361 1554 Bleseusis
374 1507 508 1571 comes,
529 1483 714 1580 ingemuit,
731 1509 879 1582 seseque
893 1484 1014 1556 denuo
1031 1484 1078 1556 ad
1094 1482 1250 1583 peregri·

188 1597 350 1672 nandum
365 1599 576 1696 praeparavit
591 1597 659 1695 (l),
675 1597 944 1697 innumerisque
961 1598 1119 1671 millibus
1138 1597 1252 1673 simile

188 1710 406 1787 desiderium
428 1714 606 1786 ferventer
628 1714 795 1787 inolevit.
824 1721 942 1787 Bonos
969 1717 1065 1787 euim
1090 1738 1252 1787 rumores

187 1825 233 1899 de
247 1828 409 1923 gloriosis
424 1829 632 1928 optionibus
649 1830 704 1926 (2)
725 1830 857 1903 Christi
869 1830 1071 1920 audierant,
1088 1831 1151 1928 qui
1166 1854 1252 1902 con·

190 1956 243 2012 tra
265 1943 425 2016 ethnicas
446 1946 500 2041 (3)
521 1946 634 2032 acies,
650 1957 790 2017 'sanctae
813 1945 990 2017 Trinitatis
1013 1944 1084 2016 lide
1106 1944 1250 2033 armati,

189 2057 448 2132 dimicaverunt
470 2060 545 2156 (lt),
566 2076 602 2133 et
627 2060 782 2150 felicem,
811 2063 943 2132 virtute
968 2062 1018 2160 pii
1043 2060 1250 2148 Salvatoris,

188 2173 376 2247 victoriam
397 2175 516 2274 adepti
540 2191 641 2266 sunt,
662 2189 881 2274 aeternasque
901 2175 1026 2249 laudes
1048 2201 1112 2275 per
1132 2175 1254 2251 omnia

192 2288 319 2362 mula
335 2305 625 2387 promeruerunt.

240 2408 344 2476 Nunc
358 2405 457 2495 libet,
472 2404 662 2478 auxiliante
673 2407 805 2503 Spiritu
821 2409 966 2495 Sancto,
987 2405 1032 2477 ad
1046 2406 1254 2503 peregrinos

191 2537 333 2593 nostros
352 2522 487 2611 redire,
508 2500 663 2623 lireviter'
686 2520 861 2593 relaturus
878 2520 924 2593 de
942 2521 1083 2593 casibus
1101 2545 1251 2610 eorum,

191 2638 248 2710 vel
267 2638 357 2730 fine,
379 2639 443 2738 qui
460 2651 542 2737 post
561 2636 784 2735 triumphum
802 2638 838 2708 in
863 2635 984 2709 Judaea
1003 2636 1058 2709 vel
1078 2637 1179 2733 Syria
1197 2661 1256 2708 re·

193 2781 373 2848 mansere,
392 2754 449 2826 vel
471 2753 516 2825 d'e
534 2752 679 2849 illisqui
701 2776 785 2824 suos
801 2751 846 2824 ad
864 2767 1010 2851 penates
1030 2752 1085 2850 (5)
1100 2778 1166 2852 per
1190 2753 1256 2825 iter

193 2870 348 2942 arduum
365 2892 582 2942 remeavere.

245 2990 348 3057 Auno
365 2984 411 3056 ab
427 2984 677 3057 lucarnatioue
694 2982 841 3052 Domini
856 2987 898 3052 u⁰
906 2989 1031 3071 xc⁰1x⁰,
1052 3005 1176 3052 meuse
1192 2976 1257 3054 au·

195 3115 299 3199 gusto
317 3098 395 3196 (6),
413 3099 650 3188 Godelredus,
669 3095 849 3169 Eustachii
873 3097 1028 3168 Boloniae
1043 3096 1201 3168 consulis
1222 3109 1259 3167 et

232 3371 272 3434 (l)
289 3366 343 3420 Sur
360 3363 386 3419 la
402 3362 543 3419 de'sertiou
559 3362 706 3419 d’Etienne
725 3363 760 3416 dc
779 3361 851 3416 Blois
865 3380 899 3415 an
916 3373 1041 3417 moment
1058 3361 1150 3417 meme
1167 3363 1205 3415 οὐ
1221 3360 1261 3415 les

197 3459 309 3514 Croisds
320 3455 432 3511 allaient
444 3453 592 3525 s'emparer
605 3453 782 3517 d'Antioche,
794 3469 876 3522 νοω
889 3451 1041 3517 ci-dessus,
1051 3462 1072 3505 t.
1083 3452 1142 3519 ΙΙΙ,
1156 3471 1184 3524 p.
1197 3453 1259 3508 537.

200 3549 238 3604 ce
251 3564 286 3603 ne
297 3544 342 3599 lut
351 3543 435 3618 qu'eu
448 3546 514 3599 tout
529 3541 597 3614 qu'il
613 3545 702 3616 repr-it
714 3542 740 3598 le
750 3541 864 3596 chemin
876 3539 911 3594 de
924 3539 950 3594 la
962 3540 1174 3609 Terre-Salute,
1190 3541 1227 3593 od
1240 3538 1262 3593 il

199 3645 314 3691 mourut
327 3633 433 3687 l'annee
446 3631 589 3699 suivante,
602 3648 666 3685 sous
678 3631 717 3686 los
729 3649 807 3686 murs
818 3630 854 3684 de
868 3629 973 3684 llamla.

234 3724 274 3797 (ἢ)
292 3722 379 3779 Glose
391 3719 583 3776 intertincaire
597 3743 602 3771 ι
617 3720 752 3776 militibus
763 3721 866 3776 electis.

234 3813 274 3883 (³)
293 3810 341 3867 Gl.
354 3810 422 3867 int:
439 3809 566 3881 gentiles.

235 3900 276 3970 (l)
295 3897 344 3953 Gl.
358 3898 410 3951 int.
423 3920 429 3951 ε
444 3907 687 3968 expugnaverunt.

237 3988 277 4059 (li)
295 3985 345 4042 Gl.
358 3985 427 4041 iut.:
444 3983 541 4041 densos
552 3989 687 4056 priuatas.

237 4077 277 4149 (t)
290 4075 331 4131 Ce
342 4071 438 4129 u’dtait
449 4091 497 4146 pas
508 4073 630 4147 pendant
643 4074 668 4129 le
679 4075 758 4144 urols,
770 4077 839 4131 mais
851 4073 974 4146 pendant
984 4074 1023 4128 les
1035 4071 1161 4128 calendes
1172 4070 1264 4126 d'aorit

214 4163 221 4172 ’
238 4166 286 4224 Ἠ
294 4162 489 4236 jutttettoaa).
