2888 4934
190 393 251 457 too
461 387 643 455 ursionis
665 380 969 450 icciusirs‘rici.
1044 392 1131 468 [nov.
1150 392 1234 468 sin]

190 547 300 621 neque
318 543 424 617 nepos
439 519 508 592 sibi
514 517 755 618 possidebant,
772 517 837 591 sed
844 521 995 617 pessimi
1002 517 1193 616 predones
1206 536 1236 593 et

188 636 354 735 sacrilegi
373 634 558 708 nebulones
583 634 827 708 miserabiliter
849 633 1086 708 devastnbont.
1113 636 1237 711 Nullus

189 754 301 825 lionor
314 749 561 837 sacerdotibus,
580 751 729 850 aliisque
748 753 857 823 servis
877 753 946 823 Dei
959 749 1237 849 impendebatur,-

188 866 253 940 sed
260 891 353 964 pene
359 868 591 965 paganismus
599 891 670 962 per
683 868 945 937 Normonniam
953 869 1095 964 passim
1108 864 1238 962 diffini·

188 979 345 1054 debatur.
366 978 537 1067 Canobia,
557 1005 634 1079 quie
648 996 882 1052 antecessores
899 983 1012 1078 nostri
1021 1005 1094 1078 pro
1105 983 1239 1053 arurita-

188 1097 250 1170 bus
265 1100 340 1169 suis
344 1094 601 1194 fundaverant,
618 1094 896 1183 destruebantur,
914 1111 949 1168 et
964 1096 1124 1195 religiosi
1132 1095 1239 1168 suus

190 1210 315 1297 trules,
343 1209 524 1302 deficiente
544 1208 733 1295 alimonio,
757 1207 1058 1309 dispergebantur.
1080 1209 1239 1283 Ecclesia

191 1321 1238 1423 oerospoliabantur,etpleraequecremobantur,etiudelati
1278 1367 1283 1381 ·

189 1454 304 1511 tontes
314 1437 622 1537 protrahebantur.
643 1438 880 1510 Parrocliiuni
894 1453 1006 1510 truces
1022 1439 1157 1509 nuiaiis
1172 1439 1239 1509 icti·

188 1553 250 1626 bus
262 1553 537 1642 trucidabantur,
553 1570 588 1625 et
598 1555 811 1651 superstites,
827 1551 1009 1650 defensore
1015 1569 1189 1638 carentes,
1204 1554 1238 1623 iii

189 1685 242 1741 tot
260 1667 528 1742 desolationibus
551 1667 845 1740 lamentabantur.
876 1667 971 1739 Talis
992 1670 1112 1765 itaque
1120 1665 1238 1763 fermo

188 1808 237 1857 v11
250 1788 356 1857 annis
368 1785 399 1881 (l
409 1785 422 1881 )
432 1809 591 1856 erumna
607 1785 812 1855 Neustriam
824 1779 978 1878 afflixit,
999 1805 1064 1851 nec
1080 1780 1152 1851 ulli
1162 1779 1237 1857 libe·

189 1928 267 1974 rom
284 1906 379 1975 intus
396 1901 450 1973 vel
463 1917 567 1974 entra
584 1899 805 1974 securitatem
822 1895 948 1969 babere
958 1899 1139 1994 permisit.
1159 1903 1238 1971 Fra·

187 2042 298 2115 queris
305 2033 423 2089 autem
436 2015 689 2114 Religiosorum
701 2012 899 2111 deprecatio
909 2009 960 2082 ad
966 2018 1024 2082 nie
1035 2011 1235 2100 convolavit,

187 2156 309 2229 meque
333 2149 371 2204 ut
388 2157 458 2228 pro
481 2157 603 2203 aniore
625 2133 696 2202 Dei
716 2128 880 2202 desolatae
899 2126 998 2226 plebi
1018 2126 1239 2227 suffragarer

188 2247 361 2332 incitavit,
388 2245 574 2345 multisque
594 2243 794 2344 precatibus
820 2269 865 2315 ne
887 2245 1061 2341 pessimos
1090 2242 1239 2316 latrones

58 2343 63 2351 ’
185 2359 293 2455 super
310 2360 477 2431 innocuos
497 2358 704 2431 debacclimi
716 2358 847 2430 diutius
858 2373 1016 2456 paterer,
1036 2355 1236 2431 obsecrem

188 2472 397 2571 Compulsus
413 2477 531 2572 itaque
546 2476 584 2545 in
602 2475 865 2546 Normanniam
881 2471 1130 2568 transfretavi,
1150 2489 1190 2544 et
1200 2469 1239 2545 d

187 2588 329 2685 inclytis
345 2587 541 2660 consulibus
557 2615 568 2658 .-
586 2588 774 2660 Guillelmo
789 2586 1006 2674 libroi'censi,
1025 2603 1134 2686 atque
1151 2584 1239 2660 uot-

187 2701 282 2774 berto
306 2702 544 2790 Mellentensi,
571 2702 719 2800 aliisque
741 2702 902 2802 legitimis
921 2700 1148 2799 optimatibus
1168 2726 1238 2774 sus·

186 2832 321 2913 ceptus,
351 2814 599 2890 desolationem
620 2820 769 2916 paterni
782 2817 880 2918 juris
904 2815 1021 2888 videns
1043 2816 1148 2888 dolui
1148 2849 1164 2906 ,·
1185 2815 1241 2891 sol

188 2929 418 3030 indigentibus
436 2931 614 3003 subvenire
633 2935 705 3003 nisi'
721 2956 790 3030 per
810 2955 914 3002 arma
936 2930 1061 3002 bellica
1086 2958 1161 3003 non
1177 2956 1240 3030 po·

189 3046 242 3114 tui
255 3045 323 3142 (2).
350 3050 478 3117 Frater
499 3048 594 3118 enim
617 3071 715 3118 meus
739 3049 932 3117 incentores
957 3047 1061 3116 totius
1083 3047 1240 3144 mortino

139 3203 142 3209 ,
189 3157 357 3247 tuebatur,
373 3177 411 3232 et
421 3160 564 3233 illorum
575 3161 737 3249 consilia,
751 3186 818 3258 per
832 3185 917 3258 quos
931 3159 1007 3231 uilis
1019 3174 1054 3229 et
1067 3176 1241 3258 contemp·

224 3404 264 3473 (i)
277 3403 316 3457 Ce
328 3403 425 3461 chiffre
436 3415 479 3461 est
490 3404 665 3460 visiblement
676 3402 748 3458 entlb
757 3421 830 3476 pout
841 3401 880 3457 les
892 3402 1000 3458 benninc
1009 3400 1045 3456 de
1056 3401 1084 3456 la
1096 3401 1239 3467 situationi

189 3488 308 3544 maiales
320 3490 420 3547 calculi
431 3493 466 3549 de
478 3504 560 3549 notre
572 3503 672 3547 auteur
684 3491 788 3546 itnient
799 3508 899 3546 encore
910 3490 1001 3545 moins
1012 3500 1115 3546 exacu.
1129 3489 1241 3546 Suinnt

190 3576 240 3645 lui,
255 3575 401 3646 ei-dessus,
416 3599 443 3653 p.
459 3585 508 3650 tt,
521 3581 614 3637 e'eiti
628 3581 690 3653 pres
701 3578 737 3634 de
748 3579 813 3633 huit
824 3596 872 3632 ans
885 3577 954 3652 qa’il
967 3576 1092 3632 faudrait
1106 3588 1204 3650 poster
1219 3576 1241 3632 le

190 3672 281 3736 temps
290 3662 338 3736 qui
349 3663 465 3721 s’icouta
473 3677 552 3722 entre
560 3667 586 3722 le
594 3666 665 3721 mois
675 3664 711 3720 de
722 3663 878 3738 septembre
887 3668 965 3732 4400,
978 3666 1089 3738 ὁροφιο
1097 3662 1137 3718 dn
1149 3674 1241 3721 retont

190 3749 225 3807 de
237 3750 357 3818 Robert,
371 3762 398 3806 et
412 3750 438 3807 le
450 3757 485 3812 28
497 3754 653 3828 septembre
667 3755 750 3821 4406,
763 3756 870 3827 ὁροᾳυε
881 3751 917 3807 de
929 3770 956 3806 sa
968 3752 1110 3825 captivite.

226 3839 265 3912 (Ξ)
284 3839 324 3895 Ce
335 3851 469 3896 vei-tueux
480 3843 576 3914 prince
587 3842 680 3898 oublie
692 3842 727 3898 de
739 3841 800 3897 dire
811 3859 866 3916 que
877 3859 908 3897 ce
921 3841 1016 3896 n’etait
1029 3859 1078 3914 pas
1090 3840 1240 3896 seulement

191 3927 291 4000 parles
306 3947 395 3983 armes
405 3928 473 4003 qu'il
484 3930 556 3985 avait
570 3934 649 4003 porte
664 3948 773 3987 secours
788 3948 842 3984 anx
858 3929 942 4001 sujctt
954 3927 990 3984 de
1003 3946 1052 3984 iou
1066 3928 1156 3996 frere,
1175 3928 1240 3982 miii

191 4036 245 4090 que
258 4030 319 4073 tous
335 4018 373 4074 lcs
389 4022 491 4075 tre'sors
507 4018 541 4076 dc
557 4018 740 4091 l'Angleterre
755 4020 862 4074 avaient
873 4021 917 4075 c'te'
933 4018 1041 4091 epuiois
1053 4019 1068 4071 ὲ
1081 4030 1239 4089 corrompie

193 4104 230 4156 ios
243 4107 383 4177 seigneurs
397 4107 562 4162 Normands.
