2888 4934
203 429 262 489 192
476 426 658 487 HISTORIA
683 425 988 490 nccnnslas'rtcn
1152 432 1251 509 [not]

201 560 303 631 enixa
332 573 404 648 est,
440 573 496 649 et,
529 559 642 630 causis
671 558 885 655 quibusdum
917 558 1251 648 intervenientibum

200 674 394 746 Amalricus
418 674 628 772 promissam
654 673 721 745 sibi
745 675 902 773 puellam
927 674 1147 774 desponsare
1177 702 1204 776 p

198 789 332 862 hibitus
349 803 413 861 est.
1158 806 1221 873 φ’-

247 909 323 978 Vll.
338 905 596 977 Somnolentus
609 904 694 996 dux,
712 919 751 976 ut
763 906 910 978 nimiam
924 906 1187 982 desolationem
1198 930 1251 1008 pn

198 1022 271 1093 triae
286 1021 393 1112 vidit,
411 1046 479 1094 nec
497 1036 622 1093 contra
639 1021 924 1095 Rodbertumde
940 1023 1091 1096 Belismo
1107 1024 1251 1098 domun

195 1136 250 1208 sui
259 1136 443 1233 regionem
455 1135 649 1208 defendere
662 1137 795 1235 potuit,
807 1152 1043 1234 transgressor
1052 1138 1251 1238 pactiquod

73 1268 77 1273 ’
195 1275 278 1322 cum
297 1275 379 1347 rege
396 1250 544 1340 lecerat,
569 1251 645 1322 sine
665 1250 813 1323 consilio
832 1252 908 1348 ejus
920 1252 1155 1326 concordiam

196 1363 365 1462 praedicto
390 1364 571 1437 ttodberto
598 1364 701 1454 lecit,
731 1367 835 1462 eique
857 1364 1020 1437 dominia
1040 1367 1153 1465 patn's
1173 1367 1251 1443 sui:

194 1480 440 1577 episcopatum
459 1478 591 1551 scilicet
608 1480 812 1577 Sagiensem
831 1495 865 1552 et
885 1495 1030 1571 caetera,
1052 1506 1133 1578 quae
1153 1506 1251 1581 rupe

194 1597 268 1668 rius
281 1612 477 1669 memorata
493 1613 590 1688 sunt,
609 1599 748 1670 annuit.
768 1599 1002 1672 Venerandus
1018 1600 1123 1695 igitur
1139 1600 1251 1691 Serto,

192 1714 367 1811 Sagieusis
395 1716 583 1813 episcopus
607 1715 680 1811 (l),
711 1714 936 1810 tyrannidem
965 1715 1136 1788 Rodberti
1166 1716 1251 1791 fem

193 1827 380 1925 iudignum
404 1830 521 1919 duxit,
544 1829 699 1926 ideoque
720 1830 839 1928 potius
861 1828 907 1900 ab
925 1830 1136 1927 episcopatu
1156 1852 1251 1903 reue·

193 1942 291 2034 dere,
309 1969 417 2042 quum
431 1944 553 2016 subeo
566 1944 695 2041 degere
708 1945 846 2016 maluit.
865 1946 1011 2043 Propria
1023 1944 1109 2016 sede
1118 1943 1251 2035 relicta,

192 2086 257 2159 per
274 2076 392 2133 extera
407 2076 554 2158 vagatus
572 2078 643 2150 est,
673 2076 708 2134 et
734 2060 953 2133 Rodbertum
975 2085 1059 2132 oum
1084 2059 1251 2156 adjutori·

192 2173 259 2246 bus
276 2176 349 2247 suis
370 2176 595 2247 anathemate
613 2175 742 2248 feriens
760 2190 941 2247 execratus
961 2189 1025 2245 est.

239 2289 453 2387 Saepedictus
465 2315 610 2388 qnoque
622 2291 676 2361 vir
694 2289 897 2377 Radullum,
913 2291 1135 2386 Sagiensium
1147 2288 1251 2363 abb·-

191 2420 277 2496 tem,
294 2405 494 2502 jocundum
511 2405 729 2493 etiamtum,
750 2404 1011 2501 amabilemque
1025 2405 1157 2497 virum,
1176 2404 1251 2505 plu·

190 2521 289 2593 ribus
310 2521 427 2593 modis
448 2522 689 2610 contristavit,
709 2520 944 2617 hominesque
961 2521 1073 2592 sancti
1095 2520 1251 2620 praesulis

189 2637 330 2709 Martini
344 2635 511 2708 indebitis
523 2635 767 2708 exactionibus
779 2635 970 2734 oppressit,
987 2635 1179 2732 ipsumque
1189 2660 1251 2736 per

189 2756 401 2827 immeritam
420 2752 660 2850 subjectorum
678 2753 905 2824 afflictionem
926 2752 1070 2849 fugavit.
1087 2753 1146 2825 Sic
1163 2776 1251 2852 prte-

189 2869 243 2941 sul
253 2885 288 2941 et
298 2868 420 2958 abbas,
435 2867 673 2965 tyrannijugo
688 2865 833 2963 fatigati,
848 2865 884 2936 in
897 2864 1056 2962 Angliam
1069 2865 1248 2963 sugerunt,

190 2999 225 3054 et
250 3009 271 3056 a
299 3008 382 3081 rege
411 2983 564 3054 Henrico
599 2980 829 3078 refrigerandi
862 2980 1061 3077 benigniter
1097 2983 1251 3083 suseepti

188 3112 283 3168 sunt.
308 3101 369 3169 His
387 3096 607 3195 temporibus
623 3095 833 3169 venerabilis
848 3095 1068 3184 Gundullus,
1088 3095 1251 3168 Rolenais

189 3211 391 3310 episcopus,
408 3212 597 3283 defunctus
610 3226 675 3298 est,
693 3211 794 3304 cujus
809 3211 844 3279 in
858 3208 940 3280 loco
956 3208 1127 3281 Radulfus
1138 3208 1250 3285 abbas

188 3324 422 3398 ecclesiastica
449 3324 623 3397 electione
645 3322 858 3420 subrogatus
889 3338 954 3394 est.
990 3330 1017 3394 Α
1048 3322 1249 3403 reverendo

188 3442 460 3513 Cantuariorum
472 3439 734 3540 archipraesule,
749 3439 930 3528 Anselmo‚
946 3438 1073 3537 praesul
1087 3439 1250 3513 Roseusis

187 3575 414 3632 consecratus
432 3574 501 3649 est3
527 3562 627 3656 cujus
646 3561 771 3650 etiam,
797 3573 880 3657 post
898 3558 1034 3656 aliquot
1052 3582 1188 3650 annos,
1211 3559 1248 3631 in

187 3674 271 3748 sede
287 3674 552 3747 Dorobemensi
571 3700 752 3747 successor
769 3674 881 3746 sactus
897 3688 951 3746 est
967 3673 1034 3770 (2)

532 3872 626 3880 ο--κ-ι

220 3979 258 4047 (l)
277 3976 389 4043 Serlon,
407 3975 560 4047 d'Orglues
577 3978 640 4048 pres
657 3975 747 4041 Gaesi,
769 3977 866 4030 ancien
885 3974 956 4029 abbe
971 3973 1006 4026 de
1023 3960 1244 4029 Saiut-Evroult.

187 4068 279 4137 l'oyez
292 4064 441 4130 odessus,
457 4075 477 4117 t.
492 4064 517 4118 ll
523 4066 547 4129 l,
564 4082 591 4136 p.
606 4064 656 4119 379
670 4074 699 4117 et
711 4064 773 4120 iil.

220 4158 258 4225 (Ξ)
276 4152 364 4208 llnuul
378 4153 531 4208 d’Escures.
547 4153 601 4208 Sur
614 4171 644 4205 ce
657 4152 759 4223 prelat,
776 4169 855 4223 royez
869 4150 1020 4217 ci-tlessus,
1035 4160 1055 4204 t.
1069 4149 1126 4216 111,
1141 4168 1168 4221 p.
1180 4153 1243 4205 308.
