2888 4934
84 456 194 535 [iren
428 453 544 514 amun
564 452 802 516 uunncruus.
1080 461 1137 518 aer

85 613 207 686 regem
230 587 381 676 dimisit,
406 599 442 658 et
465 585 562 685 apud
585 587 647 656 Gis
670 601 823 658 castrum
846 588 882 658 in
905 590 1048 684 regione
1070 592 1142 661 Cae·

87 727 195 775 sarem
222 700 375 800 Philippi
396 702 590 773 constituto
612 715 774 800 tempore
798 705 1022 800 exspectavit.
1044 709 1142 777 Tunc

88 817 275 890 Christiani
288 841 371 888 cum
388 840 475 887 auro
493 816 591 913 quod
609 841 675 915 pro
692 818 936 916 redemptione
955 820 1045 916 regis
1061 843 1143 918 pac-

88 946 164 1003 tum
185 947 277 1022 erat,
303 945 553 1031 perrexerunt,
578 945 612 1003 et
636 931 768 1003 assultu
790 932 827 1003 in
847 933 993 1005 nonrine
1013 934 1143 1006 Christi

89 1044 224 1118 fortiter
242 1046 353 1134 lacto,
374 1044 598 1118 admiralium
621 1060 656 1118 et
677 1061 829 1117 castrum
851 1061 886 1119 et
900 1047 1042 1120 obsides
1058 1071 1143 1120 suos

90 1177 277 1258 oeperunt,
295 1161 499 1258 alacresque
513 1166 591 1234 Deo
605 1163 734 1259 gratias
749 1179 934 1254 canentes,
953 1165 1142 1238 Ierusalem

92 1279 237 1375 regressi
257 1292 352 1349 sunt.
378 1279 482 1349 Gazis
501 1293 621 1351 autem
638 1293 783 1351 centum
802 1278 955 1352 millibus
974 1279 1143 1353 bizanteis

93 1394 206 1466 aureis
232 1398 317 1467 sese¹
339 1394 507 1484 redemit,
541 1393 753 1491 firmamque
783 1419 907 1492 pacem
941 1395 1144 1470 Christianis

92 1509 240 1606 pepigit,
258 1507 321 1582 sed
339 1510 376 1580 in
395 1509 596 1608 Principatu
614 1533 741 1607 parum
757 1509 926 1606 duravit(
954 1509 980 1605 ).

136 1627 275 1694 xxvlt.
294 1628 445 1712 Interea,
463 1623 550 1695 dum
571 1622 760 1695 Balduinus
777 1648 850 1712 rex,
871 1638 910 1695 ut
925 1623 1059 1695 dictum
1077 1640 1141 1714 est,

93 1737 125 1808 in
150 1762 291 1810 carcere
315 1753 507 1827 teneretur,
535 1754 571 1811 et
594 1740 802 1836 egressionis
824 1740 899 1835 ejus
923 1740 1041 1810 omnis
1064 1764 1145 1838 spes

93 1851 296 1924 (linebanis
320 1878 412 1951 pene
433 1854 582 1925 omnino
611 1869 816 1951 negaretur,
845 1850 1144 1949 lerosolymorum

13 1965 18 1968 ’
94 1968 278 2064 episcopus
300 1967 434 2039 clerum
457 1981 493 2038 et
513 1967 690 2067 populum
710 1968 933 2039 commonuit
954 1992 1001 2039 ne
1022 1969 1059 2038 in
1082 1969 1144 2038 tri·

92 2080 331 2156 halationibus
353 2081 564 2174 delicerent,
595 2082 716 2155 sedin
740 2082 879 2154 Christo
904 2081 1142 2170 confidentes,

93 2196 226 2270 toruter
239 2197 396 2270 Ethnicis
409 2199 622 2286 resisterent,
639 2212 674 2270 et
685 2196 819 2269 bellicis
834 2196 941 2267 armis
955 2195 1045 2268 fines
1061 2221 1145 2268 snos

93 2311 135 2383 ad
152 2311 298 2384 laudern
315 2311 517 2385 Conditoris
538 2311 736 2384 dilatarent.
758 2311 871 2383 Missis
889 2312 1007 2408 itaque
1025 2310 1146 2408 legatis

95 2425 127 2496 in
154 2424 315 2511 ltaliam,
345 2425 474 2498 ducem
501 2427 727 2498 venetiarum
760 2450 843 2497 eum
874 2426 1007 2521 ingenti
1035 2424 1145 2497 classe

94 2540 339 2629 accersierunt,
360 2555 395 2612 et
408 2545 552 2637 Tyrum,
568 2556 641 2613 tarn
655 2541 785 2613 divinis
798 2565 905 2638 quarn
922 2539 1146 2612 secutaribus

95 2652 243 2725 inlibris
258 2655 427 2727 famosam
444 2654 586 2745 urbem,
607 2655 842 2744 obsederunt,
862 2670 897 2727 et
910 2679 974 2753 per
990 2678 1087 2725 mare
1104 2678 1146 2725 ac

95 2790 154 2864 per
182 2782 313 2841 terram
338 2793 450 2867 nsque
479 2769 525 2841 ad
550 2768 769 2841 deditionem
800 2781 1048 2840 roarnverunt
1074 2766 1141 2862 (2).

95 2884 256 2982 Denique
278 2883 422 2957 subacta
447 2885 554 2975 urbe,
578 2884 770 2983 quemdam
792 2884 978 2972 clericum,
1000 2883 1146 2955 natione

125 3198 166 3270 (4)
178 3200 254 3255 Tout
269 3219 300 3255 ee
314 3216 370 3274 que
381 3210 461 3254 notre
474 3210 572 3254 auteur
585 3211 696 3254 raconte
708 3177 757 3254 des
767 3200 968 3253 circonstances
983 3199 1018 3253 de
1035 3198 1059 3252 la
1076 3197 1147 3254 deli-

96 3302 191 3343 mnee
199 3286 235 3343 de
244 3287 388 3343 Randouin
396 3299 438 3343 est
447 3291 609 3345 controuve.
624 3288 647 3343 ll
656 3298 697 3343 est
705 3289 761 3342 urai
772 3305 827 3362 qne
839 3287 1034 3342 Timonrtasch
1045 3284 1147 3359 perdit,

96 3373 140 3430 ts·
152 3379 239 3442 4425,
251 3376 336 3449 Alep,
350 3378 455 3449 assiege
470 3395 519 3449 par
531 3376 694 3441 Bandonin,
709 3377 798 3450 etqui
810 3394 838 3430 se
849 3374 943 3429 donna
954 3377 969 3428 l
982 3393 1032 3429 son
1044 3374 1149 3429 libe'ra-

96 3462 207 3532 lenr,.le
221 3463 312 3519 sulm
325 3463 361 3519 de
376 3464 514 3533 Mossoul;
532 3465 601 3519 mais
620 3465 638 3518 il
654 3465 716 3519 n’en
734 3481 862 3519 conserua
876 3481 924 3536 pas
939 3465 1031 3518 moins
1042 3461 1150 3536 jusqu’h

96 3567 121 3606 aa
132 3562 224 3618 mort,
237 3570 272 3606 en
284 3555 368 3620 4442,
381 3551 421 3607 les
432 3570 576 3624 royamnes
590 3552 625 3607 de
638 3551 763 3607 Maredin
775 3563 803 3606 et
813 3552 848 3606 de
861 3550 1037 3607 Mialarehin.

127 3638 290 3707 Bandouin,
307 3639 376 3695 dont
391 3639 417 3694 la
435 3641 528 3712 prison
541 3660 576 3695 ne
590 3640 677 3695 demit
691 3659 746 3714 que
761 3639 800 3693 dn
818 3640 888 3694 mois
902 3637 937 3693 de
952 3640 1053 3695 ferrier
1064 3641 1149 3705 4423,

96 3725 136 3781 lut
146 3725 265 3797 dclivre,
277 3738 446 3801 moyennant
457 3747 573 3802 ranqon,
583 3729 608 3784 le
616 3731 650 3786 29
662 3727 728 3783 aoitt
737 3730 818 3787 4424.
831 3730 868 3784 Le
880 3747 1011 3801 royanme
1023 3728 1058 3783 de
1069 3730 1152 3784 Jeru-

98 3814 179 3869 salem
195 3814 263 3870 suit
279 3814 443 3870 administra}
461 3816 584 3888 pendant
603 3835 630 3871 sa
649 3817 778 3890 captivite'
797 3836 847 3890 par
863 3817 999 3874 Eustache
1018 3817 1150 3882 Garnier,

100 3904 226 3974 seigneur
237 3904 274 3961 de
286 3906 404 3961 cesaree
417 3915 446 3959 et
458 3904 493 3960 de
506 3905 603 3962 Sidon.

129 3993 172 4064 (ἱ)
183 3992 221 4047 La
231 3990 295 4048 ville
305 3992 341 4048 de
354 3993 413 4065 Tyr
422 3993 466 4049 lut
477 3993 551 4066 prise
562 3992 587 4047 le
596 3995 615 4049 7
625 3991 715 4064 juillet
727 3995 806 4062 rtet,
821 3997 901 4067 apris
911 4012 949 4049 nn
959 3994 1032 4065 siege
1043 3991 1078 4045 de
1090 3992 1153 4062 cinq

105 4080 168 4134 nois
179 4090 209 4134 et
220 4079 305 4137 demi,
319 4082 356 4136 Le
368 4079 440 4153 dege
450 4079 486 4135 de
498 4081 601 4136 Venise
616 4083 663 4154 qui
680 4093 832 4139 coucourut
846 4086 860 4138 i
875 4093 946 4138 cette
960 4080 1096 4154 conqudte
1111 4078 1154 4137 fut

107 4163 269 4242 lloniiuique
283 4169 406 4225 blichieli
418 4171 606 4240 (tut-ttae).
