3130 5058
363 524 424 588 254
636 522 819 585 HISTORIA
842 521 1147 584 Eccttsttsttct.
1211 526 1420 606 [titt-titt]

361 675 479 730 cutum
492 655 657 745 lahewoe,
676 671 713 726 et
726 653 769 728 de
784 657 919 754 ingenti
930 655 1090 728 theseum
1104 680 1192 744 nuo,
1210 675 1313 755 quem
1319 657 1420 754 sorte

362 776 460 846 nacti
473 775 567 860 estis,
591 769 757 870 quicquid
770 768 882 856 vultis,
901 769 1007 842 libere
1015 773 1154 868 passim
1170 772 1323 844 emitote.
1339 777 1420 847 Haec

361 887 465 960 Gazis
481 899 515 958 et
532 884 775 977 Bursethinus,
794 884 924 983 aliique
937 883 1089 958 illustres
1102 884 1270 957 mandata
1284 887 1420 960 detule-

360 1017 462 1095 runt,
485 1017 519 1076 et
541 1001 700 1074 facundis
721 1000 1008 1100 persuasionibus
1024 1026 1142 1100 regem
1164 1002 1239 1100 regi
1258 1002 1420 1102 adquies·
1547 1011 1548 1026 ¹

360 1141 441 1190 cere
457 1117 634 1190 cohortati
649 1131 742 1189 sunt.

409 1233 603 1306 Balduinus
619 1255 680 1304 rex
697 1255 836 1321 omnes,
854 1232 971 1330 quiin
988 1255 1070 1305 arae
1087 1231 1314 1326 tenebantur,
1333 1255 1419 1305 oon·
1548 1303 1549 1308 ,

359 1350 518 1439 vocavit,
544 1364 580 1421 et
603 1346 772 1420 mandate
795 1344 901 1418 Balad
924 1346 1136 1437 enucleavit,
1159 1347 1418 1446 consiliumque

359 1486 553 1535 commune
567 1461 800 1558 investigavit.
820 1464 982 1558 Cumque
1002 1460 1131 1533 diversi
1152 1460 1292 1534 diversa
1313 1463 1419 1535 senti·
1549 1527 1550 1544 ,

358 1595 455 1670 rent,
484 1580 579 1652 etin
606 1603 645 1649 re
671 1576 779 1649 dubia
804 1575 993 1649 diffinitam
1019 1579 1230 1651 sententiam
1257 1578 1418 1678 proferre

358 1694 580 1784 dubitarent,
605 1693 764 1766 Fatumia
784 1693 904 1790 regina
924 1720 932 1764 ι
954 1696 1179 1780 Haesi'tantes,
1202 1694 1337 1792 inquit,
1363 1721 1419 1769 aas

356 1925 418 1998 bus
432 1924 569 1997 domini
583 1926 663 1996 mei.
684 1927 805 2012 Nunc,
826 1949 956 2022 queso,
977 1948 1021 1995 ne
1038 1922 1280 2024 dedignemini
1294 1923 1418 1996 midiie

302 2075 304 2080 ·
356 2065 424 2111 me.
451 2042 582 2112 Omnia
606 2037 777 2111 mundata
798 2036 936 2110 domim
954 2040 1026 2109 mei
1038 2037 1305 2137 floccipendite,
1335 2042 1419 2139 quia

356 2153 450 2226 niliil
464 2157 537 2226 veri
549 2153 688 2226 babent.
708 2153 817 2225 Falsa
832 2170 917 2226 sunt
934 2153 1055 2224 omnia
1073 2179 1150 2252 quoe
1162 2155 1359 2252 promittit,
1383 2171 1418 2227 et

356 2272 407 2339 ita
438 2294 494 2342 ros
516 2267 679 2341 seducere
701 2269 843 2368 satagit.
866 2267 1032 2360 Quandiu
1053 2293 1173 2340 urcem
1195 2271 1320 2357 istam,
1342 2296 1418 2369 quae

355 2381 637 2482 inexpugnabilis
664 2397 739 2474 est,
772 2386 969 2467 tenueritis,
1000 2398 1035 2454 et
1063 2409 1137 2470 me,
1169 2409 1417 2484 comparesque

357 2525 453 2572 meas
468 2499 636 2572 vobiscum
650 2502 882 2587 servaveritis,
896 2498 1030 2598 procul
1041 2499 1143 2573 dubio
1160 2526 1217 2573 vos
1231 2503 1307 2599 ipse
1321 2505 1417 2575 time·

354 2611 418 2702 bit,
448 2640 513 2687 nec
535 2613 708 2685 assultum
737 2613 826 2686 vobis
852 2614 986 2712 inferre
1012 2615 1236 2714 ali'quatenur
1262 2615 1411 2690 audebit.

357 2728 494 2802 Callida
515 2730 610 2800 enim
631 2753 748 2800 secum
770 2727 986 2817 considerat,
1011 2745 1048 2801 et
1072 2731 1109 2800 iri
1131 2733 1321 2830 synagogis
1344 2734 1415 2805 siit

353 2873 432 2919 cum
441 2844 690 2944 familiaribus
704 2845 848 2920 asseclis
861 2872 953 2945 soepe
976 2861 1147 2918 retractet
1163 2845 1272 2946 quod,
1297 2851 1334 2919 si'
1347 2872 1415 2947 per

353 2966 568 3037 occasibnem
590 2962 757 3037 nutrite
774 2961 863 3035 vobis
881 2964 990 3036 illatae
1008 2989 1072 3035 nos
1086 2963 1297 3052 occideritis,
1324 2991 1413 3038 ruin-

353 3107 460 3180 quam
476 3082 623 3154 ulterius
639 3079 774 3153 vacabit
785 3105 810 3151 a
826 3079 936 3153 bellis.
959 3082 1085 3153 Omnis
1099 3083 1269 3154 nimirum
1278 3107 1412 3179 paien-

354 3197 426 3268 tela
441 3215 581 3287 nostra,
601 3223 677 3297 quea
696 3199 893 3269 maximam
910 3212 1056 3294 partem
1072 3199 1228 3269 Orientis
1238 3195 1408 3295 possidet,

351 3327 477 3382 eontra
492 3337 573 3384 eum
592 3338 699 3412 usque
714 3310 765 3382 ad
778 3327 926 3382 mortem
942 3312 1109 3412 insurget.
1128 3310 1317 3384 Auxilium
1332 3335 1411 3411 erga

352 3426 396 3499 de
414 3427 509 3500 οωὶίε
531 3443 566 3500 et
585 3453 610 3499 a
620 3427 790 3523 fidelibus
814 3429 938 3499 aima
952 3428 1173 3522 fiducialiter
1195 3445 1406 3527 exspectate,

351 3559 390 3615 et
403 3542 583 3640 lethiferas
596 3545 896 3643 tergiversationes
909 3543 1101 3640 uersinellir
1114 3545 1250 3615 inimici
1255 3543 1410 3641 pruden-

352 3675 406 3730 ter
422 3674 628 3756 praecrivete.
655 3660 861 3756 Superiores
876 3661 974 3745 estis,
999 3675 1034 3731 et
1051 3661 1269 3759 insurgentes
1277 3659 1410 3758 jaculis

350 3788 389 3843 et
411 3771 584 3871 lapidibus
611 3771 781 3870 repellere
801 3773 963 3870 potestis.
995 3771 1093 3863 Quid
1116 3771 1215 3844 deest
1240 3771 1350 3860 vobis,
1379 3775 1412 3844 si

350 3884 680 3984 magnanimitatem
701 3881 858 3954 babeas?
876 3879 1070 3955 Abundant
1093 3881 1183 3955 robis
1204 3907 1309 3956 arma
1331 3908 1408 3956 cum

352 4004 441 4074 vacui
461 4003 611 4100 copioso.
639 3997 783 4072 Habetis
802 4023 937 4098 panem
961 4015 1000 4072 et
1020 4025 1152 4099 aquam
1173 4016 1211 4070 et
1236 4002 1354 4071 vinum
1375 4013 1410 4070 et

350 4142 496 4190 carnem
508 4118 548 4188 in
561 4111 828 4212 inexpugnabili
839 4115 1068 4186 munimento.
1082 4107 1290 4186 Decennem'
1299 4115 1407 4186 Troiae

350 4231 559 4305 obsidibnem
576 4228 727 4315 recolite,
744 4244 783 4298 et
793 4231 901 4300 miros
914 4229 1058 4301 lieroum
1070 4245 1222 4316 eventia,
1242 4255 1330 4328 quas
1341 4229 1406 4300 liis
