2888 4934
75 113 191 194 uuo]
411 108 528 173 emm
548 109 816 173 nnonecrnus.
1082 110 1143 173 ato

81 243 262 343 magnalia
291 246 521 336 monstravit,
553 243 683 343 quibus
708 244 932 317 intuentium·
947 243 1075 336 corde,
1103 261 1144 318 ut

83 360 343 457 castigarentur
362 382 383 433 u
407 360 584 458 nequitia,
608 360 845 431 commonuit.
866 363 956 430 Nam
972 359 1009 432 in
1024 358 1143 433 hieme

82 473 299 574 precedenti
325 474 427 547 nimii
451 474 584 547 imbres
608 475 804 564 fluxerunt,
833 489 869 547 et
891 473 1144 547 inundationes

84 589 279 662 fluviorum
292 589 493 663 habitacula
504 590 693 663 hominum
711 589 791 688 plus
804 589 909 661 solito
921 590 1139 662 invaserunt.

86 707 366 802 Rotomagenses
398 705 482 778 inde
513 720 548 778 et
576 707 761 796 Parisiaci‚
796 705 925 803 aliique
956 705 1050 776 cives
1081 729 1143 777 seu

82 821 206 893 rustici
222 835 328 893 testes
345 835 447 912 sunt,
466 822 529 919 qui
548 821 704 893 furentes
723 820 956 893 redundantis
973 823 1145 919 Sequanae

82 935 238 1032 gurgites
251 936 288 1007 in
300 936 435 1008 damno
453 935 659 1027 domorum,
675 951 880 1034 segetumve
897 960 1040 1008 suarum
1058 961 1143 1036 per·

81 1066 282 1124 senserunt.

130 1171 172 1238 In
187 1168 350 1265 sequenti
359 1167 639 1266 Quadragesima
646 1168 780 1240 nimius
791 1169 828 1240 in
841 1170 1005 1265 Sequana
1019 1182 1145 1240 ventus

83 1280 234 1372 efflavit,
253 1297 289 1354 et
306 1281 513 1381 aliquandiu
531 1285 719 1357 exsiccavit
736 1284 801 1381 (l).
826 1288 853 1355 A
872 1285 949 1382 ripa
969 1283 1144 1381 usquead

83 1399 200 1496 ripam
213 1397 389 1497 quispiam
410 1400 624 1498 pertransire
640 1400 831 1498 potuisset,
851 1400 881 1471 si
899 1412 1071 1471 attentare
1088 1400 1145 1469 in·

83 1511 231 1584 solitum
245 1513 314 1584 iter
329 1537 436 1585 ausus
450 1512 583 1585 fuisset.
599 1518 676 1586 Hoc
689 1514 841 1585 Parisius
852 1513 953 1603 vidit,
970 1528 1005 1585 et
1016 1513 1143 1585 merito

83 1627 237 1727 expavit.

131 1747 173 1814 ln
187 1759 351 1842 augusto,
366 1745 452 1817 luna
466 1747 567 1844 quasi
580 1747 722 1843 sanguis
733 1745 933 1818 rubicunda
946 1769 1040 1836 sero,
1054 1743 1144 1816 dum

82 1858 198 1957 prima
224 1875 332 1950 esset,
362 1861 437 1932 visa
461 1875 532 1952 est,
553 1875 593 1933 et
616 1861 767 1933 circulus
791 1862 867 1958 ejus
889 1862 990 1959 quasi
1013 1859 1144 1932 fundus

83 1974 172 2048 dolii
203 1977 347 2074 grandis
378 1977 585 2051 hominibus
615 1979 651 2050 in
681 1977 798 2050 Gallia
830 1992 1048 2050 monstratus
1076 1992 1141 2050 est.

83 2088 224 2162 Deinde
239 2091 348 2164 veluti
365 2091 547 2191 saphirino
564 2091 687 2165 colore
702 2107 798 2165 secta
814 2108 868 2165 est
881 2116 947 2192 per
964 2091 1142 2181 medium,

85 2217 120 2276 et
133 2218 275 2277 tantum
288 2206 508 2279 intuentibus
523 2208 614 2280 inter
627 2232 745 2306 aequas
761 2207 966 2280 medietates
981 2205 1146 2305 apparuit

83 2319 236 2416 spatium
258 2335 317 2411 ut,
340 2323 371 2393 si
390 2347 448 2394 res
467 2322 589 2394 similis
607 2324 644 2394 in
663 2337 757 2394 terra
771 2321 1000 2422 panderetur,
1017 2321 1145 2392 semita

83 2430 244 2506 humano
259 2438 391 2531 gressui
407 2451 490 2535 apta
505 2450 719 2508 censeretur.
741 2441 886 2508 Peracto
903 2449 1021 2508 autem
1038 2434 1145 2505 unius

83 2545 181 2619 horae
188 2548 390 2642 intervallo,
404 2551 533 2623 iterum
548 2550 785 2648 redintegrata
799 2550 976 2650 apparuit,
992 2563 1041 2639 et,
1056 2571 1144 2647 pau·

83 2657 184 2734 latim
213 2662 399 2737 deficiente
430 2665 582 2758 mbore‚
612 2664 815 2738 comicuius
845 2664 1021 2736 nascentis
1052 2662 1144 2735 lunae

87 2776 192 2849 solito
215 2802 316 2852 more
342 2779 561 2879 resplenduit
577 2780 645 2879 (2).
669 2763 807 2853 Eodem
828 2795 1007 2878 tempore,
1032 2779 1144 2851 rubor

116 3037 157 3109 (t)
177 3037 257 3092 Nous
268 3057 304 3094 ne
319 3056 437 3111 croyons
455 3040 571 3111 pouroir
587 3038 682 3094 laisser
694 3055 787 3112 passer
802 3055 865 3092 sans
879 3037 1063 3110 protestation
1077 3037 1144 3092 l'ex-

85 3123 220 3197 plication
234 3144 289 3201 que
307 3136 388 3183 notre
405 3137 505 3182 auteur
518 3126 613 3181 donne
629 3126 665 3182 de
685 3145 717 3180 ce
736 3125 920 3199 phe'nomene.
942 3126 1019 3181 Nous
1037 3125 1144 3180 aimons

86 3214 178 3270 nieux
189 3212 346 3270 l'attribuer
358 3217 373 3269 a
384 3232 422 3269 un
431 3213 620 3270 soulevement
630 3214 670 3269 dn
680 3213 731 3283 sol,
742 3215 822 3268 cause'
831 3233 881 3287 par·
889 3213 1010 3289 quelque
1019 3232 1144 3270 secousse

86 3298 116 3359 de
129 3300 331 3359 trembiement
342 3303 378 3358 de
389 3313 477 3370 terre,
495 3320 603 3357 comme
618 3301 690 3357 celui
702 3303 752 3376 qui
764 3302 837 3357 avait
847 3301 899 3356 mis
911 3303 927 3356 i
938 3320 997 3371 sec,
1011 3300 1037 3356 le
1049 3306 1083 3359 40
1095 3319 1143 3356 oc·

85 3389 165 3446 ubre
176 3392 261 3457 tttt,
279 3389 305 3445 la
320 3390 434 3464 plupart
451 3390 500 3446 des
512 3408 593 3445 conns
605 3389 683 3445 d’ean
697 3389 733 3444 de
747 3387 932 3462 l’Angleterre
945 3389 1142 3457 meridionale,

85 3488 108 3534 tt
125 3479 180 3554 qui
199 3477 328 3534 s’dtendit
343 3479 455 3553 jnaqu’i
469 3478 519 3534 dix
535 3477 624 3534 milies
640 3497 675 3533 en
695 3496 765 3533 mer.
779 3478 891 3550 Voyer,
910 3496 959 3534 rur
975 3496 1009 3534 ce
1028 3479 1143 3533 cinicus

81 3564 274 3636 phenomtne,
288 3575 352 3621 tous
363 3565 403 3621 les
412 3566 617 3641 chroniqueurs
628 3566 861 3640 contemporains,
876 3568 944 3622 mais
958 3574 1069 3621 snrtout
1081 3563 1144 3618 Flo·

80 3665 145 3711 rent
159 3652 197 3708 de
210 3653 373 3709 Worcester
385 3664 413 3709 et
427 3654 591 3728 Brompton.

115 3743 160 3814 (2)
178 3741 257 3798 Nous
269 3743 500 3799 recommandous
515 3745 530 3797 a
546 3741 703 3798 l’attention
720 3743 769 3799 des
785 3753 891 3798 savams
905 3761 936 3797 ce
949 3757 1074 3814 passage,
1091 3741 1141 3813 qui

75 3841 155 3886 nous
171 3831 260 3903 paruit
272 3831 392 3903 signaler
406 3850 444 3888 un
456 3830 618 3903 cataclysmo
630 3832 686 3888 fort
698 3832 914 3890 extraordinaire
925 3831 961 3886 de
975 3829 1000 3885 la
1012 3829 1087 3884 lune.
