3130 5058
116 461 837 572 pmm'mmmm
1115 501 1176 561 su

115 651 181 700 eos
198 623 408 698 militaribus
424 625 551 696 turmis
568 624 746 698 dominari
763 623 1001 724 permittebat.
1018 625 1177 702 Tandem

114 740 337 816 fraudulenti
357 739 635 832 commilitones,
662 742 724 840 qui
747 740 939 815 rebellibus
959 740 1126 816 favebant
1142 759 1179 819 et

114 857 370 955 impunitatem
388 856 586 954 rapacitatis
604 856 824 954 caediumque
843 854 1065 948 affectabant,
1084 859 1178 932 mili·

115 989 234 1046 tarem
259 972 484 1071 disciplinam
506 973 763 1046 subsannantes
785 973 965 1069 sugerunt,
992 975 1179 1072 sociosque

116 1114 194 1163 non
211 1088 332 1161 hostili
349 1089 495 1177 timore,
517 1088 580 1161 sed
597 1087 723 1162 dolosa
741 1088 1029 1186 tergiversatione
1044 1104 1180 1164 terrue-

118 1217 223 1294 runt,
244 1203 350 1275 acad
369 1203 595 1276 inimicorum
618 1202 813 1287 cachinnos
833 1202 1039 1275 excitandos
1059 1203 1180 1303 lugere

117 1316 385 1418 compulerunt.
411 1317 464 1390 lbi
485 1333 570 1391 tuno
595 1318 825 1392 Raimboldus
845 1321 995 1407 Creton,
1019 1319 1081 1415 qui
1102 1321 1181 1419 pri-

117 1456 201 1505 mus
229 1434 551 1532 inexpugnatione
576 1433 764 1506 Ierusalem
787 1433 963 1530 ingressus
987 1445 1057 1524 est,
1086 1447 1181 1504 stre-

117 1549 313 1620 nuissimus
342 1548 463 1639 miles,
494 1547 633 1640 subito,
665 1547 758 1647 proh
789 1547 912 1626 dolor!
945 1548 1083 1622 occisus
1112 1563 1177 1622 est.

119 1660 294 1734 Ricardus
312 1663 419 1736 etiam
435 1665 604 1736 Centurio
625 1662 672 1735 de
691 1664 818 1762 Laquis
835 1661 1077 1759 lerosolymits
1093 1687 1181 1736 oon-

118 1778 207 1851 cidit
224 1778 293 1874 (t).
864 1868 866 1875 Ι

169 1897 322 1983 lterum,
343 1895 505 1991 sequenti
525 1918 641 1985 anno,
659 1892 860 1966 Ludovicus
877 1917 1013 1965 cuneos
1029 1898 1181 1966 Franco-

119 2033 206 2080 rum
219 2012 431 2108 aggregavit,
450 2024 486 2082 et
501 2009 721 2082 Cambleium
735 2009 791 2107 (2)
803 2034 910 2108 super
925 2009 1094 2083 comitem
1106 2008 1183 2081 Bel-

155 2289 196 2358 tt)
216 2289 360 2360 mathian,
380 2290 502 2363 premier
525 2289 564 2344 du
586 2308 670 2356 nom,
693 2299 785 2344 comte
803 2287 839 2344 de
859 2288 1182 2360 Beanmont·sur-Oise‚

120 2375 285 2433 bean-frere
298 2377 333 2434 de
349 2378 452 2452 Hugue
467 2378 503 2434 de
520 2376 738 2436 Grentemesnil.
752 2407 787 2420 -
799 2379 839 2434 Ce
852 2377 984 2450 seigneur
995 2393 1023 2432 ae
1034 2377 1184 2432 tronraitl

121 2465 240 2532 Ronen,
259 2469 275 2520 l
293 2465 320 2520 la
338 2485 406 2522 cour
426 2466 464 2522 du
483 2466 539 2522 duc
555 2466 676 2534 asten,
695 2485 730 2522 en
745 2465 839 2539 juillet
853 2469 939 2534 4096,
955 2476 984 2521 et
999 2466 1043 2521 lut
1058 2465 1118 2521 l'un
1135 2464 1184 2520 des

122 2552 369 2624 tonsoripteursde
375 2553 401 2609 la
409 2552 505 2609 charte
513 2554 561 2628 qui
570 2555 679 2626 mettait
689 2553 810 2626 l'abbaye
819 2551 966 2609 d'Aumale
973 2571 1036 2608 sous
1048 2551 1073 2606 la
1082 2552 1185 2626 depen-

122 2640 212 2695 dance
231 2640 268 2696 de
286 2641 486 2697 saint-Lucien
505 2641 540 2697 tle
560 2641 701 2697 Beauvais.
721 2642 816 2715 Voyez
839 2641 931 2695 Gallia
952 2639 1065 2708 Christ,
1085 2649 1109 2693 t.
1125 2637 1168 2693 XI
1173 2681 1182 2708 ,

122 2729 217 2796 insu„
226 2729 278 2786 col-
288 2731 334 2790 20.
343 2761 380 2774 -
391 2730 538 2787 Bouchard
550 2731 594 2786 111
606 2730 641 2787 de
654 2730 868 2797 Montmorenci,
882 2738 963 2784 autre
973 2727 1135 2784 beau-titre
1148 2724 1184 2782 de

122 2817 262 2890 Mathieu.
273 2847 310 2862 -
320 2819 420 2888 Adam,
436 2819 506 2876 abbe
519 2819 554 2875 de
571 2819 749 2876 Sciat-Denis
760 2819 949 2889 (tosttttt).
962 2847 1001 2859 -
1010 2817 1050 2872 Ca
1061 2817 1136 2890 siege
1148 2812 1184 2870 tle

122 2905 330 2962 llontmorenci
347 2908 407 2964 doit
423 2908 483 2964 titre
499 2911 611 2982 reporte
627 2911 642 2962 'a
657 2907 764 2962 l’anue'e
780 2911 860 2963 ttot.
876 2935 912 2947 —
926 2902 1183 2971 Simon-ledanum

122 2995 255 3069 seigneur
268 2995 304 3051 (le
318 2995 615 3052 montfort-t'ltmauri.
629 3025 665 3037 -
676 2995 731 3051 Sur
743 2991 901 3050 Raimbaud
912 2994 1032 3060 Craton,
1048 3008 1130 3065 voyez
1143 2989 1184 3045 ci·

121 3083 234 3152 demus,
246 3096 267 3141 t.
280 3085 340 3158 111,
352 3105 381 3160 p.
395 3089 448 3143 tes
462 3097 491 3142 et
502 3089 565 3144 600.
576 3115 614 3130 -
624 3085 720 3155 Quant
733 3102 769 3138 au
782 3099 954 3157 pemonnage
965 3081 1016 3157 qui
1029 3079 1100 3148 suit,
1114 3095 1185 3135 nous

121 3191 316 3250 pensumque
332 3175 425 3232 c'etait
443 3194 482 3230 un
499 3175 604 3245 ercisc,
619 3173 771 3247 originaire
786 3172 822 3227 de
836 3172 932 3228 Lewes
948 3186 983 3224 en
1001 3167 1183 3242 Angleterre3

121 3275 160 3314 an
176 3261 269 3316 moins
285 3279 321 3317 ne
337 3264 601 3318 conmissum-nous
612 3262 691 3335 point
706 3260 813 3315 d'autre
826 3257 883 3313 lieu
898 3257 948 3332 qui
961 3265 1042 3330 porte
1055 3273 1087 3310 ce
1100 3272 1182 3324 nom,

122 3364 181 3422 que
193 3347 288 3405 lewes
304 3350 373 3405 dans
385 3350 411 3406 le
427 3349 691 3419 cometissam,
707 3347 777 3404 dont
792 3363 863 3402 nous
879 3361 962 3400 arona
978 3343 1116 3416 plusieurs
1131 3343 1187 3400 sois

120 3434 176 3492 fait
191 3437 317 3492 mention
333 3439 350 3492 l
364 3437 511 3494 l'occasion
526 3437 566 3492 du
577 3438 690 3511 prieurs
706 3435 742 3492 de
758 3433 1005 3500 Saint-Pmcraoe,
1021 3431 1072 3505 qui
1083 3449 1102 3504 y
1113 3428 1187 3487 avait

123 3524 171 3580 όῑὲ
186 3522 272 3578 tonde
287 3542 339 3599 per
354 3524 516 3581 Guillnume
528 3525 564 3581 de
578 3525 724 3593 Varenne‚
738 3523 861 3598 premier
872 3521 911 3576 du
924 3538 1001 3578 nom.
1017 3521 1055 3576 le
1070 3537 1186 3576 surnom

123 3607 161 3666 de
179 3610 405 3686 Jemsolymitain
424 3633 529 3684 proure
544 3633 601 3689 que
613 3615 706 3670 o’etait
723 3631 762 3668 un
779 3613 883 3679 croisa,
901 3628 1009 3666 comme
1027 3607 1186 3668 Raimlttutl

123 3697 243 3755 Cretan.

160 3787 253 3862 Suger
267 3806 296 3844 se
313 3789 398 3862 garde
414 3789 480 3846 bien
498 3790 534 3846 de
550 3790 682 3847 convenir
696 3787 732 3845 de
748 3797 793 3844 cet
809 3787 894 3846 acheo
910 3771 1184 3842 te'toutate-oroa.

124 3875 243 3932 suivant
253 3875 294 3932 lui
309 3901 315 3932 ι
330 3877 384 3934 His
396 3885 423 3934 et
433 3879 497 3934 altis
508 3880 704 3934 contritionum
717 3875 876 3932 verberibus
887 3874 1072 3942 humilitatum,
1088 3874 1185 3930 volun·

126 3967 181 4018 tati
192 3984 253 4020 suoe
264 3965 489 4039 (Burcltardam)
501 3969 637 4034 curvavit,
651 3975 678 4021 et
693 3965 845 4038 querelam,
858 3965 1047 4022 commott'omit
1058 3979 1185 4030 cautam,

124 4055 249 4122 pacavit.
738 4057 740 4062 “

161 4141 202 4215 (2)
218 4141 350 4198 Chambli
366 4159 402 4198 en
419 4142 585 4198 Beauroius.
599 4171 635 4184 -
648 4141 688 4198 Ce
700 4141 776 4216 sie'ge
788 4140 947 4215 appartient
957 4141 974 4194 l
984 4137 1092 4194 l'annee
1101 4140 1183 4196 4400.

127 4227 175 4284 Un
182 4246 269 4303 orage
275 4229 475 4302 spoursnubte
481 4229 539 4303 jeta
545 4229 571 4285 la
577 4240 687 4286 terrear
694 4229 762 4286 dans
769 4227 926 4285 l’armeedu
930 4223 1186 4300 jeuneprince2qui
