2888 4934
211 380 322 460 [rma]
577 379 694 440 mauu
716 379 900 441 necinus.
1224 384 1260 441 er

209 508 378 582 Giliudus
386 533 508 583 comes
517 509 893 608 bucchingehamensis
913 511 986 607 (l),
1006 511 1135 608 aliique
1146 511 1265 609 plures

211 624 394 716 consules,
420 624 553 697 tribuni
574 640 609 698 et
626 628 851 698 centuriones
874 626 1006 724 anglici
1028 630 1119 726 regis
1137 625 1265 700 cohor·

213 755 267 814 tes
284 740 476 832 ducebant,
497 757 533 815 et
556 741 721 840 praeclara
743 742 899 813 facinora
921 742 1134 840 frequenter,
1159 758 1266 841 prout

213 855 389 929 variabilis
408 857 548 932 fortuna
564 855 763 956 praestabat,
781 856 944 953 agebant.

263 973 426 1072 Plerique
442 977 678 1062 Francorum,
694 973 756 1070 qui
772 971 864 1044 binis
877 971 1095 1070 cogebantur
1114 971 1268 1046 dominis

213 1086 474 1176 obsecundare,
484 1112 551 1186 pro
563 1087 669 1176 fiscis,
679 1086 809 1184 quibus
820 1086 962 1159 abunde
971 1086 1189 1184 locupletati,
1200 1085 1268 1160 sub

213 1202 398 1300 utriusque
418 1203 510 1301 regis
533 1202 722 1299 turgebant
738 1202 893 1293 ditione,
912 1201 1023 1291 anxii,
1050 1202 1135 1300 quia
1158 1201 1268 1274 aerbo

213 1330 331 1413 potest
348 1315 491 1388 duobus
507 1316 663 1389 dominis
679 1317 830 1406 servire,
846 1317 973 1389 animis
991 1319 1178 1406 acriorem,
1195 1318 1270 1416 opi·

213 1428 353 1528 busque
374 1429 541 1503 ditiorem
563 1430 765 1528 elegerunt,
787 1445 924 1504 etcum
947 1432 1018 1502 suis
1043 1430 1267 1521 bominibus,

215 1545 486 1644 municipiisque
502 1544 740 1618 favorabiliter
757 1560 965 1645 paruerunt.
988 1545 1186 1618 llodbertus
1204 1546 1271 1618 ita·

213 1687 303 1758 que,
321 1687 441 1736 comes
458 1662 503 1736 de
520 1662 702 1752 Mellentn,
722 1663 758 1734 in
776 1664 848 1734 suis
865 1661 1122 1734 munitionibus
1141 1659 1272 1761 Anglos

213 1778 385 1876 suscepit,
409 1794 445 1850 et
462 1793 644 1878 patentem
662 1779 713 1850 eis
733 1778 771 1850 in
792 1777 943 1849 Galliam
968 1777 1167 1849 discursum
1189 1800 1272 1876 ape·

215 1893 304 1980 ruit;
323 1918 478 1991 quorum
502 1893 629 1965 bellica
651 1895 704 1964 vis
725 1892 878 1991 plurima
900 1894 1042 1964 Francis
1064 1893 1196 1964 damna
1216 1891 1272 1963 in·

214 2005 307 2080 tulit.
327 2010 446 2082 Guido
470 2035 615 2110 quoque
641 2009 687 2083 de
709 2013 809 2110 Rupe
828 2010 897 2106 (2),
921 2009 1115 2108 anglorum
1137 2009 1273 2106 argenti

213 2122 379 2220 cupidus,
402 2125 452 2197 eis
468 2123 565 2214 favit,
591 2138 626 2196 et
643 2125 861 2197 munitiones
878 2150 959 2197 suas
980 2125 1025 2197 de
1042 2128 1140 2222 Rupe
1158 2139 1192 2196 et
1205 2127 1273 2197 Ve-

213 2235 302 2307 tolio
314 2237 458 2310 dimisit.
472 2239 530 2309 Sic
544 2238 601 2310 alii
612 2238 778 2310 nonnulli
794 2237 965 2329 fecerunt,
976 2242 1052 2338 qui,
1069 2241 1141 2311 suis
1156 2237 1270 2326 infidi,

213 2351 342 2423 exteris
368 2352 472 2426 avide
493 2351 844 2452 obtemperaverunt.
862 2357 960 2425 Tunc
978 2353 1187 2426 Guillelmus
1212 2377 1272 2425 rex

214 2462 458 2540 firmissimum
474 2483 629 2540 castrum
645 2469 794 2540 Gisortis
807 2471 966 2541 construi
980 2470 1158 2568 praecepit,
1173 2466 1272 2566 quod

215 2606 330 2678 nsque
358 2581 485 2673 bodie,
512 2599 636 2656 contra
668 2583 927 2655 calvimontem
957 2599 992 2656 et
1017 2585 1133 2654 Triam
1167 2597 1274 2677 atque

216 2696 338 2767 Burriz
353 2697 408 2793 (3)
427 2699 653 2797 oppositum,
674 2698 928 2768 Normanniam
949 2696 1152 2782 concludit3
1173 2695 1273 2791 cujus

215 2811 433 2910 positionem
455 2827 490 2884 et
513 2813 679 2884 fabricam
701 2813 904 2910 ingeniosus
929 2810 1052 2883 artifex
1075 2809 1274 2882 Rodbertus

215 2924 448 2999 Belesmensis
473 2929 659 3026 disposuit.
684 2929 849 3014 Quadam
869 2927 945 3016 die,
969 2925 1054 2998 dum
1078 2926 1274 2998 Normanni

214 3065 326 3142 super
343 3047 496 3116 Francos
516 3045 707 3131 irruerent,
734 3056 768 3114 et
786 3044 852 3141 ipsi
869 3042 1100 3115 nibilominus
1123 3043 1173 3113 eis
1193 3044 1274 3112 insi·

214 3156 333 3253 &riter
349 3173 588 3246 occurrerent,
603 3156 977 3256 TedbaldusPaganus
994 3157 1039 3229 de
1055 3157 1203 3229 Gisortis
1221 3155 1274 3253 (4)

252 3394 294 3467 (l)
306 3395 436 3462 Gautier,
449 3397 570 3468 premier
581 3396 620 3449 dn
633 3414 712 3465 nom,
724 3407 816 3452 comte
827 3397 863 3452 de
876 3397 1078 3470 Buckingbam.
1094 3397 1133 3452 Co
1143 3396 1274 3466 seigneur

217 3487 472 3542 mentenllbb.
999 3534 1001 3539 .
1109 3490 1113 3497 '

234 3567 296 3645 “w
309 3570 384 3638 Gai,
398 3574 529 3643 seigneur
546 3572 580 3626 de
599 3573 623 3626 la
635 3572 846 3629 Rome-Goion
862 3585 891 3630 et
909 3574 944 3629 de
963 3572 1086 3628 Vetenil.
1108 3571 1186 3625 N'ous
1204 3587 1273 3642 pen-

210 3658 471 3735 {quuc’ertlui
481 3660 530 3734 qni
541 3660 659 3715 adonne
669 3679 719 3716 sou
729 3666 819 3717 uomlr
830 3660 1080 3719 bRocbeGuion.
1091 3658 1114 3714 ll
1124 3659 1193 3715 e'tait
1202 3659 1275 3713 frere

369 3747 573 3804 ddeVernon.

308 3834 472 3895 Gbaumout
487 3855 522 3891 en
541 3837 646 3905 Vexin,
661 3838 743 3906 Tria,
758 3838 857 3906 Bouri,
876 3837 951 3894 liena
968 3836 1008 3891 du
1024 3836 1116 3892 lleriu
1130 3834 1273 3906 Funeris,

248 3978 282 4000 ἱ,
317 3959 319 3966 ,
350 3923 563 3981 nedeGisors.

273 4052 289 4102 ³1
308 4008 447 4071 md
463 4011 561 4080 Prien,
581 4015 702 4086 premier
718 4013 757 4070 du
775 4031 856 4082 nom,
875 4013 1011 4070 cbdtelain
1025 4013 1061 4068 de
1076 4013 1176 4068 Gisors
1195 4019 1223 4063 et
1242 4008 1278 4062 de

328 4104 331 4109 ’
353 4099 509 4176 bun-pere
518 4101 552 4157 de
563 4102 686 4157 Richard
695 4103 731 4158 de
741 4104 954 4171 ltlontmorenci,
966 4104 1098 4176 seigneur
1105 4099 1141 4156 de
1149 4095 1276 4154 Brutelu.
