2888 4934
289 425 350 485 290
562 421 748 483 tttstotttt
771 422 1078 484 nectusttsttcl.
1191 428 1193 432 ‘
1245 429 1423 505 [1111]

290 550 554 624 reverebantur.
565 556 792 651 Quapropter
801 578 875 644 rex,
888 551 1073 625 demahtia
1081 577 1208 625 eorum
1216 555 1423 628 crebri&

288 665 491 739 rumoribus
504 666 646 758 auditis,
661 667 888 757 irascebatur,
905 692 1038 765 eosque
1054 669 1149 766 regia
1160 670 1294 743 virtute
1304 671 1422 742 al=

287 783 495 856 inferiorum
518 783 749 855 insectatione
767 784 946 856 refrenare
966 782 1194 857 moliebatur.
1217 784 1273 856 llli
1290 809 1423 858 au—

287 913 358 971 tem
377 913 574 970 metuentes
592 923 710 997 aroge
732 899 905 999 opprimi,
930 913 965 971 et
981 923 1002 971 a
1020 921 1213 998 pravarum
1229 899 1423 999 exple—

285 1013 443 1087 tionibus
451 1013 673 1086 voluntatum
682 1012 1422 1113 cohiberi,resugiebantadpraesidi

283 1132 338 1204 sui
360 1131 515 1230 potentis
537 1132 698 1229 patroni,
723 1132 760 1202 in
781 1156 854 1229 quo
875 1129 1114 1222 confidentes,
1134 1129 1421 1230 plerumquffi

284 1246 544 1348 presumebant
565 1273 621 1319 res
645 1248 794 1321 nefarias
815 1249 851 1320 in
870 1252 985 1320 Deum
1004 1263 1040 1320 et
1059 1246 1257 1321 Ecclesiam
1275 1273 1421 1321 mo—

282 1363 351 1434 liri.
377 1367 451 1433 Hac
473 1361 518 1433 de
540 1387 647 1436 causa
668 1364 902 1460 interregem
924 1377 960 1435 et
976 1364 1145 1436 comitem
1162 1363 1294 1436 crebra
1308 1363 1420 1434 si—

283 1478 412 1550 multas
424 1495 546 1550 cxorta
558 1494 623 1567 est,
636 1495 671 1551 et
681 1479 898 1577 perdurante
909 1468 1137 1576 malignitate,
1149 1479 1418 1551 multorum

281 1595 471 1668 hominum
488 1595 601 1668 caedes
617 1621 660 1668 ex
676 1611 826 1694 utraque
842 1610 942 1694 parte
959 1594 1050 1668 sacta
1066 1609 1131 1667 est.

330 1712 522 1798 Quondam
544 1712 580 1782 in
600 1736 734 1809 pagum
755 1710 973 1783 Meldensem
994 1734 1056 1782 rex
1073 1733 1183 1808 super
1199 1707 1414 1781 'ledbal-

280 1824 369 1897 dum
376 1827 491 1917 irruit,
504 1842 539 1899 et
550 1826 784 1916 Rodbertum,
797 1824 1049 1898 Flandrensem
1059 1840 1413 1923 satrapam,cur=r

280 1941 355 2012 aliis
371 1941 554 2014 nobilibus
572 1967 694 2016 secum
707 1941 845 2015 habuit.
861 1945 961 2012 Tunc
978 1940 1113 2013 ibidem
1129 1964 1151 2013 a
1168 1937 1413 2012 consutae-i

280 2057 410 2130 familia
434 2059 524 2132 forte
548 2061 729 2159 impetitus
754 2073 823 2150 est,
849 2072 883 2128 et
908 2058 1036 2154 majori
1057 2057 1221 2129 virorum
1245 2056 1414 2155 copia

279 2174 508 2270 praevalente,
533 2175 570 2246 in
594 2175 713 2272 sugam
734 2199 858 2246 versus
874 2187 937 2244 est.
960 2176 1053 2269 Rege
1070 2172 1248 2243 nimirum
1266 2191 1412 2244 cur-t

278 2289 350 2392 suis
368 2279 539 2386 fugiente,
561 2289 785 2363 Flandrensis
811 2287 1007 2361 marchisus
1027 2288 1065 2358 in
1084 2299 1185 2358 arcto
1205 2287 1411 2359 tramitze

277 2403 424 2495 cecidit,
446 2416 481 2476 ct
500 2406 635 2476 serratis
658 2430 833 2503 equorum
856 2403 998 2501 ungulis
1017 2401 1273 2493 conculcatus,
1294 2423 1410 2474 τε·

278 2543 422 2615 surgere
443 2519 620 2616 nequivit,
648 2519 712 2590 sed
733 2516 904 2589 memhris
926 2516 1020 2589 male
1040 2515 1235 2588 confractis
1255 2512 1407 2588 diui·

277 2634 391 2707 culter
416 2634 593 2722 sublatus,
621 2652 703 2733 post
729 2658 863 2733 paucos
888 2633 963 2705 dies
986 2631 1160 2730 expiravit
1181 2631 1254 2728 (l).
1280 2635 1405 2702 Pr-tt

276 2751 377 2848 cujus
403 2750 504 2822 obitu
526 2777 625 2848 reges
645 2768 679 2824 et
699 2752 879 2850 principes
902 2765 937 2821 et
957 2749 1060 2821 multi
1075 2749 1247 2821 homines
1268 2747 1403 2847 plez:-

276 2883 458 2958 raverunt,
473 2883 508 2940 et
520 2893 633 2966 usque
645 2869 681 2940 in
692 2867 857 2939 Arabiam
866 2866 1056 2938 Christiani
1069 2880 1177 2962 atque
1186 2863 1402 2937 Gentil-

277 3005 399 3055 casum
422 2983 581 3056 bellicosi
606 2983 858 3079 lerosolymitae
879 2981 1107 3079 planxerunt.
1132 2984 1174 3050 ln
1198 2978 1400 3052 tuebar·

277 3111 415 3170 tensem
443 3125 528 3172 vero
557 3098 706 3187 urbem,
736 3122 845 3196 quam
871 3098 946 3194 ipse
972 3095 1081 3194 paulo
1106 3109 1191 3166 ante
1220 3108 1400 3167 cunm

313 3461 352 3527 (ll
371 3461 411 3514 lci
428 3479 499 3516 nous
516 3481 650 3516 rercnons
667 3465 681 3516 'a
698 3466 778 3517 llll.
797 3460 920 3528 Robert,
940 3461 1086 3516 deuxilme
1101 3459 1141 3514 du
1156 3478 1241 3527 nom,
1260 3459 1329 3514 dit:
1376 3449 1401 3506 lt

277 3547 517 3620 Je'rosolymitain,
534 3550 695 3606 beau-frere
706 3549 746 3605 du
760 3569 830 3623 pape
844 3548 952 3604 Calixte
961 3549 1003 3615 ΙΙ,
1019 3548 1064 3602 sut
1074 3565 1109 3603 en
1122 3547 1188 3603 effet
1199 3546 1278 3601 seule
1291 3553 1398 3599 -ῠῐ

278 3636 357 3710 pieds
377 3636 425 3691 des
444 3638 581 3706 chevaux,
604 3658 657 3694 aux
676 3640 806 3694 environs
826 3638 862 3692 de
881 3636 995 3703 Meam,
1017 3636 1086 3691 dans
1105 3653 1162 3691 une
1179 3629 1396 3708 expediffion

278 3725 316 3778 οὺ
337 3723 357 3778 il
377 3728 586 3798 accompagnait
605 3726 822 3783 Leuis-ledros
845 3737 942 3781 contre
965 3724 1098 3780 'l’hibaud
1119 3724 1175 3792 tv,
1196 3733 1290 3778 comte
1367 3711 1395 3766 ‘l‘

278 3814 412 3869 Chartres
426 3814 500 3870 etde
514 3816 600 3885 Blois,
617 3828 645 3872 et
662 3826 777 3871 mourut
790 3835 843 3890 peu
856 3816 891 3870 de
904 3816 984 3887 jours
997 3815 1093 3888 aprls;
1112 3812 1151 3867 les
1164 3830 1219 3866 uns
1234 3808 1394 3884 phe-ed

278 3920 310 3958 ce
327 3903 440 3958 dernier
457 3907 621 3959 eucnement
638 3924 672 3959 au
688 3908 703 3961 l
718 3905 846 3972 octobre,
865 3903 904 3958 les
920 3913 1014 3958 autres
1029 3921 1065 3957 au
1079 3905 1096 3958 tt
1108 3899 1269 3956 decembre.
1285 3889 1392 3952 ΞΜ

278 4010 359 4064 corps
371 3993 414 4047 sut
427 3995 507 4065 porte
517 3995 531 4045 i
542 3992 724 4049 saint-Vaast
735 3993 858 4059 d’Arras,
871 4003 900 4047 ct
910 3989 936 4045 le
945 3992 986 4046 roi
997 4007 1184 4063 accompagna
1194 3988 1221 4044 le
1232 3975 1387 4042 oon-5⁰5·

279 4081 329 4136 Les
342 4083 492 4138 historiens
506 4100 541 4135 nc
555 4091 617 4136 sont
629 4099 677 4153 pas
688 4080 751 4153 plus
764 4079 891 4136 d'accord
904 4097 951 4134 sur
962 4078 1003 4135 les
1014 4080 1219 4134 circonstances
1227 4092 1281 4151 que
1339 4079 1384 4119 ¹¹¹¹

279 4168 303 4220 la
317 4169 379 4223 ‹latc
393 4181 487 4225 exacte
500 4171 535 4223 de
550 4188 578 4224 sa
594 4179 675 4223 mort.
