3140 5076
155 522 265 602 [1119]
482 516 601 581 LIBER
619 517 888 582 uuonttcttttJS.
1153 521 1214 584 345
1316 555 1325 568 ι

156 651 356 752 pendentes
371 651 408 724 in
428 653 682 726 Normanniem
696 653 891 743 irruerunt,
909 650 1109 750 domosque
1126 657 1216 726 Ver-

156 767 347 840 nuciemm
363 767 401 838 in
418 781 511 840 tenu
526 769 645 840 Sancti
660 765 809 859 ubrutfi,
825 769 985 840 immisso
1002 768 1096 865 igne,
1116 793 1214 842 com·

156 883 362 957 busserunt.
389 881 560 956 liedulfus
586 900 726 976 eutem,
755 883 802 956 ed
827 888 978 956 Pontem
1007 882 1213 957 Ernenlredi

157 999 374 1090 eonsistens‚
394 997 533 1072 fumum
550 997 656 1089 vidit,
679 1014 716 1074 et
727 1023 814 1072 mox
829 997 1001 1072 militibus
1018 997 1216 1072 undecum-

158 1139 231 1212 que
239 1112 409 1206 collectis,
421 1112 589 1187 inhostes
597 1114 992 1214 pugnaturuspetrexit.
1004 1117 1075 1186 ilex
1084 1113 1218 1214 quippe

157 1253 233 1300 xxx
253 1228 390 1326 equites
414 1229 522 1327 Seppi
543 1228 597 1327 (t)
610 1239 631 1319 ,’
648 1228 867 1328 totidemque
894 1228 1047 1303 Orbeeci
1071 1239 1218 1328 propter

156 1343 322 1415 incursus
342 1342 555 1442 predonum
579 1342 626 1416 ad
653 1344 753 1417 nefus
776 1343 936 1443 undique
959 1344 1218 1418 confluentium

157 1459 401 1532 eonstitueret.
427 1463 539 1530 Porro
563 1457 752 1550 liedulfus,
775 1458 944 1532 omnibus
961 1459 1028 1532 illis
1043 1460 1082 1531 in
1105 1483 1218 1532 unum

1 1579 3 1642 ζ
157 1573 328 1666 solientis,
344 1575 391 1650 nd
404 1576 591 1649 nensitnm
606 1579 816 1650 Cerentonae
831 1575 888 1674 (2)
904 1601 968 1650 ccc
984 1576 1120 1674 equites
1135 1599 1219 1648 cum

157 1713 270 1788 perte
291 1715 440 1763 suorum
460 1713 568 1764 menn
590 1713 773 1788 aggressus
788 1704 860 1782 est,
880 1705 933 1781 et,
955 1704 1078 1789 erepta
1094 1688 1221 1786 mandi

158 1803 280 1903 praede
307 1829 418 1904 quem
447 1805 498 1878 illi
523 1804 719 1897 dueebent,
749 1820 786 1880 et
809 1804 1026 1904 quibusdem
1049 1803 1220 1878 militibus

158 1921 285 2018 ceptis,
303 1946 417 2019 nsque
432 1921 480 1995 ud
492 1921 711 1994 Firmitetem
724 1920 911 1994 Frexinelli
926 1933 1133 2020 persecutus
1151 1934 1216 2010 est,

157 2048 213 2124 et,
233 2035 301 2108 nisi
316 2034 520 2134 pmsidium
537 2035 700 2108 hostibus
715 2035 962 2134 propinquum
979 2036 1119 2126 fuisset,
1136 2033 1220 2135 plu-

157 2149 291 2223 rimum
307 2152 375 2225 illis
392 2151 565 2226 damnum
581 2152 813 2226 incubuisset.
1115 2166 1119 2172 '

207 2271 287 2341 Non
301 2269 416 2343 multo
428 2284 523 2368 post,
539 2268 636 2342 idem
649 2269 833 2341 animosus
847 2268 949 2342 miles
961 2293 1082 2366 regem
1093 2268 1221 2342 emice-

157 2380 276 2456 bilitet·
286 2385 534 2475 circumvenit,
545 2409 587 2457 ac
597 2384 867 2483 utptmseutiam
879 2382 1108 2458 solummodo
1120 2407 1220 2456 suam

157 2512 284 2570 contre
299 2498 527 2590 Fraxinellos,
546 2499 608 2597 qui
621 2498 782 2573 imbelles
794 2514 831 2572 et
842 2499 1005 2596 injuriosi
1017 2499 1217 2585 extiterant,

157 2611 356 2704 exhiberet,
379 2612 562 2687 humiliter
583 2615 740 2714 expetiit.
761 2616 926 2715 Denique
944 2639 1005 2688 rex
1025 2629 1108 2714 post
1128 2618 1219 2685 Pen-

158 2741 318 2803 teeosten
341 2730 397 2827 (3)
425 2729 539 2803 multo
569 2729 709 2802 Bedulli
730 2746 877 2829 precatu
904 2728 1080 2802 adductus
1107 2740 1221 2800 estut

157 2844 394 2943 municipium
416 2846 571 2936 videret,
598 2869 672 2943 quo
699 2846 812 2944 patrie
838 2845 1011 2918 Uticensis
1033 2841 1221 2942 profligate

156 2973 226 3030 est.
255 2959 474 3034 Adveniente
498 2984 584 3034 vero
609 2984 710 3057 rege,
738 2959 958 3033 Fraxinelleii
982 2958 1088 3032 nimis
1111 2958 1221 3030 territi

157 3087 259 3162 sunt,
285 3075 431 3173 etquid
453 3087 600 3172 egerent
624 3074 779 3148 vicissim
800 3074 970 3173 indagare
993 3071 1123 3171 trepidi
1147 3095 1219 3146 eoe·

157 3202 302 3286 petunt.
331 3189 422 3262 Rufo
443 3205 563 3263 eutem
584 3188 630 3262 de
654 3186 984 3263 Pontetcheniredo
1008 3187 1220 3260 bellicosum

158 3302 330 3376 assultum
346 3304 492 3380 viriliter
509 3307 673 3394 ineunte,
692 3304 810 3380 eleves
826 3318 1012 3404 portarum
1029 3303 1103 3400 regi
1120 3302 1220 3376 exhi·

158 3417 327 3511 buerunt,
348 3435 396 3514 et,
414 3421 589 3494 sententie
605 3445 674 3520 pro
692 3419 897 3496 rebellionis
911 3419 1070 3518 inooepto
1086 3417 1169 3492 dete
1184 3433 1220 3494 et

157 3547 347 3624 concessa,
367 3535 583 3608 resoneilieti
598 3550 695 3610 sunt.

158 3831 215 3886 pen
227 3829 263 3868 en
279 3811 338 3869 aval
355 3812 390 3870 de
406 3813 525 3889 legibs,
541 3823 613 3870 etse
623 3813 695 3886 jette
706 3811 946 3870 immedietetnent
956 3811 1026 3868 dans
1039 3811 1065 3868 le
1076 3811 1173 3869 Guiel.
1186 3841 1220 3852 -

159 3899 335 3958 Vennenses.

195 3989 237 4061 (1)
254 3989 291 4044 Le
303 3987 368 4064 Sap.

195 4077 236 4148 (1)
252 4075 329 4132 Nous
346 4095 465 4150 pensons
485 4095 541 4152 que
561 4075 795 4146 Rimul-lelium,
818 4077 890 4150 perti
911 4075 948 4134 tle
970 4094 1020 4132 son
1045 4076 1162 4132 chiteen
1184 4073 1221 4130 de

158 4165 400 4233 PontFeitsnlrei‚
413 4165 464 4220 alle
477 4164 606 4221 ettendre
616 4163 657 4220 les
668 4164 782 4238 pillards
795 4181 831 4220 eu
843 4167 897 4240 gne
906 4163 1067 4222 d’Aneeins.

196 4253 237 4324 (3)
255 4253 291 4308 la
301 4253 452 4311 Penteebte
464 4253 582 4312 tombeit
593 4263 666 4311 cette
678 4253 809 4312 annes-li
819 4253 846 4309 le
858 4255 892 4311 l'i
907 4254 971 4308 mai.
