2888 4934
195 404 403 480 [mosum]
557 400 674 463 mem
695 400 881 463 onerans.
1190 406 1247 465 os

195 534 409 607 Pictavensis
425 532 511 606 dixit
526 534 735 607 Guillelmus
756 562 765 605 ε
789 535 962 607 Velociter
979 561 1083 607 armo
1098 539 1245 626 sumite,

193 666 226 720 et
252 648 436 721 redeuntes
458 650 799 748 Consmntinopolim
821 649 999 738 obsutum
1024 650 1170 722 viriliter
1191 679 1249 722 ex·

190 780 391 864 pugnam
406 763 537 853 urbem,
558 791 630 837 non
644 764 851 851 recedemus,
868 764 976 838 donee
988 781 1051 837 out
1063 766 1245 863 perfidum

192 883 448 977 Imperatorem
462 884 701 978 perimamus,
724 896 788 952 out
804 879 848 951 ab
866 883 971 952 inrito
991 880 1086 979 quod
1095 885 1248 978 petinam

191 1015 253 1085 est,
269 996 684 1098 virimeetorqueamm.
700 1004 894 1071 Innumero
902 1002 976 1072 sues
985 998 1160 1072 Fidelium
1170 1001 1248 1071 mil·

192 1113 668 1212 &fraudulentiis-peremit
679 1113 967 1214 ideoquegrotum
975 1120 1063 1204 Deo,
1075 1113 1245 1212 nisullor,

190 1230 405 1322 sacrificium
423 1229 605 1320 exhibebit,
628 1232 691 1329 qui
708 1233 813 1301 vitam
829 1232 1031 1328 occupantis
1051 1245 1184 1301 terram
1201 1230 1252 1301 ed

187 1347 382 1442 pernier'em
394 1344 597 1434 multorum,
613 1362 691 1416 orte
705 1348 837 1445 quevis,
852 1348 1032 1418 exemerit.
1047 1346 1249 1444 Stephanus

189 1463 377 1554 Blesensis,
405 1465 535 1562 aliique
561 1464 713 1538 modesti
730 1466 883 1539 barones
908 1466 1026 1539 edicto
1043 1466 1249 1562 hujusmodi

191 1603 265 1651 oon
274 1578 550 1677 adquieverunt,
562 1581 639 1670 sed,
656 1582 801 1653 sincerae
809 1583 964 1654 veritatis
979 1581 1249 1680 allegationibus

191 1693 448 1766 rationabiliter
465 1696 631 1793 prolatis,
653 1699 784 1796 pariter
800 1697 1104 1769 contradixerunt.
1122 1701 1246 1785 Porro,

192 1808 357 1906 Aquitani
372 1823 409 1880 et
423 1811 643 1902 Guascones,
662 1812 792 1909 aliique
805 1826 1056 1901 contumaees,
1072 1813 1135 1908 qui
1151 1812 1249 1907 juve·

190 1924 251 1997 nili
266 1925 496 2024 providentia
514 1929 587 2023 regi
605 1943 797 2027 appetunt,
816 1928 974 2027 protervi
990 1927 1092 2000 ducis
1106 1928 1247 2023 juveni-

190 2036 534 2139 lemimpudentiam
550 2041 865 2115 confirmaverunt.
884 2043 1081 2114 Procaeiter
1096 2067 1181 2138 ergo
1197 2066 1249 2114 re·

189 2154 280 2227 versi
294 2168 393 2245 sunt,
415 2155 604 2253 triduoque
621 2158 827 2254 Byzantium
843 2155 1072 2228 obsederunt.
1090 2161 1247 2254 Impera·

189 2282 387 2359 torentem,
402 2285 441 2342 ut
450 2287 599 2344 conatus
610 2296 736 2345 eorum
747 2273 894 2362 audivit,
907 2288 942 2345 et
954 2272 1080 2344 urbem
1091 2298 1110 2345 e
1123 2287 1248 2344 contra

188 2383 427 2481 pqsulosam,
458 2386 585 2484 triplici
613 2412 718 2459 muro
743 2403 879 2487 septam
905 2388 1173 2476 consideravit,
1210 2389 1245 2458 in

188 2498 312 2596 primis
331 2499 496 2570 hostilem
513 2500 707 2574 adventum
726 2502 962 2602 parvipendit.
984 2506 1131 2591 Verum,
1147 2516 1246 2600 post·

188 2636 298 2711 qnam
316 2615 547 2712 pertinaciam
566 2641 692 2689 eorum
711 2618 956 2716 persistentem
973 2616 1155 2704 intellexit,
1177 2630 1247 2687 tres

188 2726 425 2801 ferocissimos
438 2729 561 2802 leones
577 2746 614 2803 et
629 2746 765 2831 septem
779 2731 969 2829 leopardos
981 2732 1074 2802 inter
1088 2728 1246 2800 medium

188 2864 333 2916 mrum
349 2859 386 2915 et
403 2845 623 2918 antemurale
640 2845 771 2919 dimitti
796 2847 975 2946 praecepit.
994 2841 1169 2917 Custodes
1186 2867 1248 2915 au·

189 2969 260 3029 tem
273 2982 384 3056 super
405 2961 548 3031 tertium
569 2986 730 3051 murum,
753 2962 811 3033 eui
830 2984 1020 3060 procerum
1042 2958 1171 3056 palatia
1192 2959 1246 3030 in·
1361 3042 1365 3055 .

189 3072 362 3144 tritsseeus
376 3073 608 3164 inhaerebant,
629 3068 826 3166 constituit,
841 3089 960 3170 portas
976 3097 1062 3146 vero
1079 3087 1247 3145 reseratas

189 3209 264 3259 esee
278 3188 396 3284 jussit.
416 3190 473 3260 Sic
494 3191 663 3262 nimirum
682 3215 746 3288 per
765 3190 856 3262 ieras
874 3191 1040 3288 opinatus
1056 3203 1110 3260 est
1124 3187 1246 3259 Gallos

188 3301 443 3376 nboannando
451 3303 644 3397 deterrere,
657 3305 854 3402 urbemque
865 3305 997 3401 regiam
1005 3305 1080 3375 sine
1090 3302 1247 3375 humana

188 3438 298 3490 manu
313 3417 519 3491 defendere.
536 3424 595 3492 Ast
611 3420 801 3493 hominum
816 3419 865 3491 nil
884 3418 976 3491 valet
991 3434 1133 3491 versuta
1148 3417 1245 3514 eogi-

189 3534 286 3622 tetio,
307 3532 376 3605 nisi
393 3549 569 3630 quantum
585 3533 706 3606 divina
719 3535 878 3608 decernit
894 3534 1124 3632 dispensatio.
1143 3535 1247 3604 Cum·

188 3671 257 3746 que
268 3649 396 3720 Franci
412 3649 449 3719 in
467 3650 588 3721 castris
605 3651 731 3722 armati
748 3651 999 3740 constitissent,
1014 3663 1050 3721 et
1064 3647 1246 3719 neminem

188 3761 253 3834 sibi
266 3760 409 3835 obstare
420 3763 605 3854 vidissent,
622 3789 688 3862 per
700 3765 852 3862 primam
866 3778 1021 3864 portam,
1040 3761 1247 3835 conflictum

188 3892 397 3972 quarentes,
408 3879 641 3967 intraverunt,
652 3892 700 3967 et,
713 3878 1044 3952 hincindeousiosis
1053 3874 1246 3950 luminibus

187 4006 398 4089 spectantes
414 3996 535 4092 patriae
548 3995 752 4068 defensores
768 3996 958 4096 praesulari
967 4010 1063 4069 sunt.
1079 3993 1244 4065 Protinus

188 4106 304 4203 prirno
322 4109 487 4206 ingressis
511 4112 593 4182 saevi
610 4111 732 4184 leones
757 4123 1003 4201 occurrerunt,
1026 4126 1061 4183 et
1078 4107 1245 4183 dontibus
