3256 5048
236 517 344 598 [inor]
601 507 923 572 etsenoucruus.
1254 513 1294 572 59

237 660 291 720 est
307 645 345 718 iu
361 658 499 734 testate,
519 641 638 743 plures
655 643 838 740 utriusque
854 641 990 714 ordinis
1011 641 1216 731 adstabant,
1239 659 1291 737 et,

237 763 312 836 visa
329 775 404 834 rate
422 758 469 832 dc
481 757 604 857 anglia
620 757 831 848 velificante,
850 770 890 830 ut
907 754 1039 854 afiquid
1061 758 1147 830 nori
1163 757 1296 831 edisce·

238 891 336 969 rent,
354 875 488 952 alacres
501 873 745 974 expectabant.
763 878 805 945 fn
818 872 940 972 primis
957 871 1003 944 de
1019 897 1101 970 rege
1117 873 1296 947 sciscitan-

238 989 346 1080 tibus,
364 991 440 1090 ipse
461 1003 579 1062 certus
597 988 643 1064 de
661 1013 699 1062 se
714 987 814 1061 affuit
830 988 988 1060 nuntius
1011 991 1055 1059 Et
1072 988 1154 1086 quia
1174 1013 1215 1061 ex
1237 990 1297 1060 in-

238 1120 379 1204 sperato
398 1105 584 1203 respondit
605 1104 725 1178 videns
751 1101 1080 1203 percunctantibus,
1107 1102 1296 1177 admiratio

237 1237 362 1296 exorta
378 1235 430 1294 est
447 1245 530 1294 mox
550 1235 586 1293 et
599 1219 716 1294 laetitia
734 1218 915 1295 omnibus.
936 1219 1086 1306 Deinde,
1111 1219 1297 1317 cujusdam

240 1337 435 1435 presbyteri
454 1361 547 1434 equa
565 1351 704 1426 vectus,
724 1359 807 1409 cum
825 1359 956 1434 magno
974 1351 1067 1408 coetu
1085 1334 1298 1410 clericorum

239 1468 275 1526 et
296 1454 530 1543 rusticorum,
557 1453 619 1550 qui
642 1452 779 1551 pedites
802 1476 885 1525 eum
909 1477 991 1524 cum
1013 1453 1148 1550 ingenti
1172 1443 1298 1550 plausu
1368 1471 1370 1474 ·

239 1565 502 1658 conducebant,
523 1565 781 1642 bonamvillam
799 1567 855 1663 (t)
876 1567 1038 1666 expetiit,
1057 1568 1184 1664 suique
1207 1591 1300 1665 pre·

239 1685 354 1756 sentia
378 1684 541 1756 inimicos
565 1684 773 1758 incircuitu
796 1685 965 1757 Neustriae
988 1684 1171 1758 saevientes
1197 1683 1302 1757 valde

240 1799 376 1872 terruit.
392 1798 565 1890 Tandem,
585 1798 729 1872 directis
741 1799 991 1897 legationibus,
1006 1800 1187 1896 ingentem
1203 1823 1302 1872 exer·

240 1914 351 1986 citum
363 1914 401 1987 in
418 1914 519 1988 brevi
535 1915 749 2012 aggregavit,
764 1930 801 1987 ct
813 1914 983 1988 hostilem
999 1915 1221 2013 provinciam
1238 1913 1302 1986 de·

240 2029 453 2128 populatum
479 2030 669 2104 festinavit.
701 2036 835 2129 Agmen
865 2055 1012 2129 quoque
1033 2030 1193 2103 bostium
1218 2053 1302 2102 cum

239 2145 343 2220 Helia
360 2147 452 2220 duce
467 2172 552 2238 suo,
570 2148 690 2220 statim
708 2163 748 2219 ut
764 2172 885 2246 regem
907 2147 997 2220 citra
1020 2147 1150 2220 fretum
1164 2146 1303 2219 venisse

240 2261 438 2359 comperit,
466 2262 599 2361 ubsque
620 2263 938 2362 procrastinatione
965 2263 1120 2361 fugiens,
1143 2264 1303 2336 invasam

242 2375 381 2467 urbem,
396 2377 510 2452 multo
524 2380 686 2480 pejorem
696 2405 805 2478 quam
817 2381 1015 2470 invenerat,
1029 2381 1195 2454 deseruit.
1208 2379 1304 2453 llde·

240 2491 368 2566 bertus
378 2495 538 2594 pontifex
548 2497 586 2570 in
602 2499 820 2570 Normaunia
836 2521 957 2595 regern
970 2496 1152 2569 humiliter
1167 2520 1306 2594 aggres-

241 2633 302 2681 sus
320 2624 392 2699 est,
415 2625 450 2683 et
466 2610 513 2682 ab
530 2635 574 2686 eo
594 2627 632 2684 ut
651 2612 831 2686 familiaris
855 2615 990 2686 amicus
1007 2611 1205 2709 benigniter
1228 2636 1305 2684 sus-

241 2739 367 2822 ceptus
381 2740 434 2797 cst
449 2725 518 2824 (2).
537 2732 618 2799 Non
633 2729 730 2800 enim
741 2729 905 2819 consilio,
920 2752 1038 2827 neque
1054 2727 1238 2826 praesentia
1251 2726 1306 2798 sui

243 2840 419 2939 praedictis
432 2842 759 2941 perturbationibus
774 2845 994 2917 interfuerat.

293 2958 482 3029 animosus
499 2975 619 3031 autem
630 2983 704 3048 rex,
718 2959 877 3033 hostium
889 2959 1012 3032 audito
1025 2981 1178 3047 recessu,
1194 2955 1304 3055 pede-

245 3073 372 3144 tentim
388 3097 451 3146 eos
465 3089 618 3147 sectatus
634 3091 699 3165 est,
719 3091 754 3149 et
769 3076 1012 3148 Cenomannis
1028 3097 1096 3146 nec
1112 3097 1184 3146 uua
1200 3086 1306 3146 nocte

246 3201 331 3262 tunc
353 3188 526 3289 hospitari
542 3191 707 3290 dignatus
723 3207 788 3264 est.
808 3197 943 3264 Verum
960 3206 1224 3265 concrematam
1231 3213 1306 3320 ug·

244 3298 329 3376 bem
344 3305 586 3402 pertransiens
602 3307 710 3397 vidit,
734 3321 771 3382 et
795 3306 886 3380 ultra
909 3323 1057 3407 pontem
1082 3287 1277 3405 Egueniae'''
1267 3329 1305 3376 m

281 3629 320 3700 (i)
339 3627 711 3706 sorneville-eurumque,
730 3631 848 3688 cbiteau
863 3633 1070 3707 fre'quemment
1084 3631 1182 3688 habite
1194 3649 1244 3706 par
1257 3647 1308 3687 uos

246 3717 328 3786 duce,
342 3728 372 3774 et
384 3719 423 3772 ou
435 3718 524 3790 parsit
534 3721 611 3776 avoir
625 3723 669 3776 ete
685 3721 759 3794 prise
770 3739 805 3777 en
818 3725 887 3779 4066
902 3721 928 3777 la
942 3721 1096 3777 resolution
1109 3720 1259 3777 cotenneffe
1270 3720 1307 3775 de

244 3806 425 3880 l'cxpr'edition
434 3805 639 3879 d'Augletcrre.
646 3809 727 3865 Cette
734 3811 868 3868 ancienne
878 3809 1022 3867 residence
1030 3811 1200 3885 royafen’est
1208 3811 1307 3884 guerus

246 3894 309 3968 qu’i
321 3911 360 3950 uu
372 3904 456 3968 quart
467 3891 503 3950 de
516 3893 591 3952 lieue
602 3895 637 3951 dc
651 3897 784 3972 Tuoque,
797 3900 867 3954 mais
878 3902 895 3955 a
906 3918 962 3956 une
973 3898 1047 3955 licus
1059 3899 1096 3954 de
1105 3897 1257 3954 Trcuvitie.

282 3985 322 4054 (Ξ)
341 3982 419 4038 Nous
437 3999 520 4037 avons
539 3984 621 4056 peine
636 3987 652 4039 b
671 3987 762 4042 croire
780 3990 796 4041 ὲ
814 3997 888 4043 cette
903 3987 1053 4044 demarche
1072 3987 1108 4044 de
1123 3987 1248 4062 l’eveque
1267 3985 1308 4041 du

248 4071 435 4128 transenna
448 4091 485 4128 un
501 4075 598 4147 prince
609 4075 659 4150 qui
674 4077 746 4132 avait
757 4077 880 4134 chercbe
895 4083 911 4135 a
922 4080 992 4135 faire
1005 4097 1096 4134 casser
1109 4097 1158 4134 sou
1172 4078 1305 4144 eiection,

246 4163 336 4236 etqui
350 4162 419 4218 etait
432 4162 561 4229 toujours
574 4167 647 4220 reste
657 4165 726 4221 daos
735 4166 773 4222 fes
784 4167 887 4224 mimos
899 4170 1063 4225 sentiments
1073 4169 1108 4226 de
1121 4167 1308 4224 matvciliauce

247 4257 261 4302 t
273 4268 324 4307 son
336 4251 431 4324 e'gsrd.
