2888 4934
211 347 320 428 [1112]
551 338 928 407 mannumactnus.
1208 346 1269 408 sos

211 487 392 567 versutam,
412 475 602 574 nimmque
622 477 780 548 avaricie
797 486 834 548 et
852 473 1083 568 crudelitatis,
1107 470 1270 550 Ecclesiae

210 592 291 685 Dei,
302 616 573 692 pauperumque
584 616 777 691 oppressor
788 591 1018 689 impacabilis,
1033 606 1081 681 et,
1095 593 1125 663 si
1135 591 1206 664 dici
1219 593 1271 664 las

210 720 282 799 est,
302 707 524 808 temporibus
542 707 741 780 christianis
758 707 796 778 in
819 707 918 778 omni
936 706 1067 779 malitia
1084 708 1270 809 incompa-

211 823 346 897 rabilis.
367 825 434 897 llic
450 823 639 921 siquidem,
658 837 766 921 rupto
782 821 958 895 fidelitatis
974 823 1134 909 vinculo,
1151 823 1270 922 perju-

212 941 308 1013 rium
323 938 443 1038 palam
459 939 625 1031 incurrit,
644 936 733 1010 dum
748 937 945 1010 naturalem
961 937 1150 1011 dominum
1165 964 1272 1010 suum

211 1054 431 1146 nauticum,
456 1055 519 1154 qui
546 1070 630 1127 tunc
653 1078 674 1127 a
699 1048 818 1125 multis
839 1044 998 1153 undique
1023 1051 1271 1145 infestabatur,

212 1170 421 1270 dereliquit,
439 1184 476 1244 et
490 1168 685 1244 Fuloonem
702 1168 1010 1267 andegavensem,
1028 1159 1188 1269 aliosque
1204 1169 1274 1242 do-

213 1287 370 1362 minisui
382 1285 548 1386 publicos
558 1284 681 1358 hostes
696 1282 846 1359 consilio
862 1299 898 1357 et
909 1284 1043 1358 viribus
1054 1284 1217 1383 adjuvit(
1244 1285 1271 1383 ).

214 1396 321 1476 uude
344 1422 366 1475 a
389 1402 536 1502 praelato
561 1424 646 1498 rege
670 1399 784 1500 pridie
811 1424 927 1473 nonas
949 1399 1154 1472 novembris
1178 1398 1276 1500 apud

214 1515 488 1611 bonamvillam,
506 1541 572 1590 cur
589 1517 711 1615 inique
726 1518 763 1588 in
781 1515 970 1588 dominum
986 1539 1091 1588 suum
1109 1529 1277 1614 operatus

214 1631 335 1720 literit,
356 1656 422 1704 cur
436 1630 484 1705 ad
499 1631 635 1704 onnam
652 1631 728 1728 ejus
746 1645 801 1703 ter
818 1629 1009 1702 accersitus
1025 1653 1101 1702 non
1118 1628 1276 1717 venerit,

215 1756 280 1820 ett'r
296 1745 344 1821 de
360 1748 465 1846 regiis
481 1746 680 1821 redditibus
696 1746 742 1819 ad
759 1747 1045 1820 rioecomitatum
1062 1745 1280 1844 Argentomii

216 1867 252 1936 et
264 1862 495 1954 Oxirnorum,
513 1860 726 1960 Falesiaeque
740 1861 1014 1963 pertinentibus,
1033 1876 1073 1934 ut
1085 1863 1177 1960 regis
1188 1864 1282 1935 vioe·

216 1996 339 2052 onmes
352 1993 388 2052 et
401 1978 576 2070 officialis,
589 1979 766 2052 rationem
782 2003 857 2051 non
874 1978 1081 2069 reddiderit,
1097 1992 1133 2052 et
1146 1979 1192 2052 de
1205 1977 1282 2052 aliis

217 2091 374 2166 reatibus
391 2093 649 2167 rationabiliter
667 2095 849 2195 impetitus
865 2108 938 2186 est,
957 2095 1128 2194 justoque
1144 2094 1281 2192 judicio

218 2206 345 2306 regalis
359 2211 466 2283 cutiae
479 2235 548 2309 pro
560 2210 755 2303 immensis,
771 2212 1039 2310 innumerisque
1051 2209 1280 2301 facinoribus,

217 2346 297 2419 quae
320 2348 451 2422 negare
473 2326 651 2423 nequivit,
676 2341 749 2399 tam
773 2327 811 2397 in
835 2331 953 2399 Deum
973 2350 1083 2424 quam
1103 2329 1141 2398 iu
1163 2351 1283 2424 regem

218 2441 440 2531 commissis,
475 2441 658 2514 artissimis
695 2440 845 2515 vinculis
881 2442 1032 2514 traditus
1066 2457 1132 2515 est.
1169 2448 1283 2539 Capto

220 2557 340 2656 itaque
364 2573 536 2656 tyranno,
565 2560 628 2658 qui
653 2574 785 2632 terram
806 2559 991 2652 turbabat,
1018 2574 1054 2631 et
1079 2557 1281 2657 multiplici·

221 2666 286 2747 bus
307 2673 444 2772 rapinis
467 2698 509 2746 ac
534 2674 708 2747 incendiis
734 2673 853 2746 adhuc
875 2673 1009 2746 addere
1033 2676 1156 2772 pejora
1178 2696 1282 2771 para·

222 2773 297 2880 bat,
330 2803 454 2886 erepta
480 2787 528 2860 de
550 2789 638 2886 jugo
664 2787 842 2886 praedonis
866 2787 967 2886 plebs
993 2790 1058 2859 Dei
1086 2786 1279 2884 gaudebat,

223 2901 384 3001 lleoque,
399 2901 580 2974 liberatori
595 2926 675 2991 suo,
691 2903 820 2998 gratias
835 2902 974 3000 agebat,
988 2916 1024 2974 et
1036 2903 1191 2974 Henrioo
1208 2903 1282 2999 regi

219 3010 378 3116 longam,
398 3017 604 3115 bonamque
625 3019 733 3089 vitam
753 3018 911 3118 optabat.
933 3018 1072 3092 Deinde
1094 3045 1157 3091 rex
1183 3018 1283 3092 Alen-

215 3130 361 3206 cionem
379 3131 532 3223 obsedit,
552 3147 587 3205 et
602 3147 683 3232 post
695 3133 831 3231 aliquot
844 3134 920 3207 dies
935 3137 1173 3208 munitionem
1186 3161 1282 3209 rece·

201 3249 280 3341 pit,
298 3263 337 3322 et
348 3248 568 3338 Godeiredo,
583 3246 736 3347 Adaeque
747 3252 838 3322 Soro
850 3250 920 3347 (2),
934 3251 1081 3349 aliisque
1094 3250 1279 3341 militibus,

243 3558 293 3630 (l)
312 3555 379 3612 Ceei
393 3573 422 3610 se
433 3555 534 3630 passait
546 3554 620 3610 donc
633 3563 714 3610 avant
724 3553 751 3608 la
763 3553 970 3610 meoneiliation
980 3553 1019 3609 dn
1031 3556 1074 3610 roi
1086 3566 1115 3610 et
1125 3554 1164 3610 du
1178 3566 1279 3610 comte.

176 3632 431 3702 lesbiumriens
440 3642 475 3699 de
487 3643 592 3698 Franoe
602 3651 766 3716 rapportent
777 3660 813 3696 au
826 3642 842 3699 l
855 3643 1005 3698 novembre
1014 3646 1084 3702 lili
1094 3643 1121 3699 le
1132 3661 1236 3717 voyage
1247 3643 1282 3697 de

173 3718 327 3790 ¹{obest
338 3730 375 3788 de
390 3731 511 3788 belleme
529 3734 546 3787 a
563 3729 928 3804 Bonneville-snr-Tonque.
947 3730 1026 3786 Nous
1042 3750 1157 3788 verrons
1172 3731 1282 3787 bientbt

171 3818 287 3883 (ln‘il
295 3820 365 3876 etait
373 3819 476 3894 charge
484 3816 569 3874 d’nne
581 3817 694 3872 mission
707 3816 769 3888 pres
778 3814 814 3870 tle
823 3815 913 3872 Henri
926 3814 961 3871 I·‘
971 3837 1022 3892 par
1034 3818 1060 3874 le
1072 3821 1115 3874 roi
1129 3818 1164 3874 de
1176 3820 1281 3874 France

171 3897 382 3964 viennen.
397 3906 505 3963 Robert
517 3905 560 3961 fut
574 3903 719 3959 conduita
735 3902 919 3978 Cberb0nrg,
933 3916 963 3961 et
977 3905 1013 3961 de
1030 3906 1100 3962 laau
1114 3906 1230 3961 chiteau
1246 3902 1281 3956 de

175 3975 350 4050 warham
363 3992 528 4066 (norton),
539 3993 577 4047 ou
588 3991 609 4047 u
622 3991 684 4045 finit
694 4009 738 4046 ses
748 3979 827 4063 jones
839 3991 908 4049 uana
919 3993 960 4049 res
972 3993 1034 4049 sem.

247 4084 294 4155 (Ξ)
314 4083 482 4138 L’historien
495 4080 647 4153 d’Alenqon
663 4079 788 4153 aappele
804 4099 838 4137 ce
848 4100 1020 4155 personnage
1037 4080 1102 4135 Ade
1120 4079 1202 4146 Soro,
1221 4095 1282 4133 sans

294 4199 342 4243 ιν.
1112 4174 1159 4242 20
