3256 5048
353 462 395 524 ss
628 461 811 523 susionis
833 462 1138 526 scennissncs.
1301 465 1407 545 [toas]

352 582 546 668 emtionem
561 621 632 692 per
647 599 881 666 ministerium
901 599 1141 694 episcoporum
1157 577 1341 694 spirituali
1353 597 1407 670 be·

353 709 548 782 nedicttone
561 737 585 782 a
604 717 679 782 Deo
686 711 779 802 fieri
795 736 867 782 non
883 709 1080 782 dubitamus
1086 741 1101 798 ;
1122 711 1350 784 nt'ln'lominus
1374 731 1408 785 et

352 825 554 896 chosronem
565 851 636 923 per
656 849 722 896 ora
745 824 960 896 subditorum
981 825 1100 896 eodem
1123 830 1261 924 Spiritu
1285 845 1407 900 sancto

350 940 552 1038 dispensari
559 957 692 1012 certum
703 957 868 1012 anantes.
888 945 1060 1032 Quocirca
1074 941 1168 1014 beati
1175 941 1315 1034 Ebrulfi
1325 969 1407 1016 con·

347 1059 506 1156 gregatio
528 1060 725 1143 nanninus,
754 1058 918 1156 esempla
942 1085 1109 1158 sequens,
1135 1059 1406 1160 traditionesque

349 1174 581 1270 apostolicas,
605 1191 690 1271 post
716 1173 904 1245 discessum
930 1178 1048 1271 patris
1073 1179 1187 1248 nostri
1211 1181 1402 1266 Mainerii,

343 1305 451 1386 patre
470 1313 605 1387 quoque
618 1305 737 1360 nostro
754 1287 883 1361 domno
906 1289 1056 1362 Sarltne
1072 1293 1110 1362 in
1130 1294 1327 1389 episcopam
1348 1319 1406 1363 os-

347 1420 498 1500 sumpto,
512 1402 632 1476 divina
639 1419 821 1501 praeeunte
836 1404 1089 1492 rnt'sericordia,
1111 1409 1149 1476 in
1165 1405 1323 1478 abbatem
1334 1407 1404 1478 ele·

344 1521 461 1617 gtinus
473 1519 641 1590 domuum
656 1523 853 1619 Rogerium,
858 1519 1020 1616 fratrem
1034 1538 1205 1612 nostrum,
1221 1547 1404 1594 conversa·

346 1638 441 1706 tione
454 1639 649 1735 cognitum,
664 1635 887 1732 professione
908 1636 1150 1734 conjunctum,
1161 1642 1353 1734 prasentia
1370 1653 1407 1708 et

344 1749 531 1850 suffragiis
538 1755 756 1851 egregiorum
764 1750 919 1847 suffulti,
928 1750 1080 1850 praefati
1090 1751 1406 1850 videlicetepiscopi

344 1867 525 1956 Sarlonis‚
550 1865 684 1938 obbatis
706 1869 889 1938 Beccenst's
918 1867 1099 1956 Anselmi,
1128 1869 1307 1966 Sagiensis
1329 1873 1401 1938 Ra-

343 1979 444 2070 dalfi,
465 1984 697 2054 Troarnensis
710 1981 870 2072 Arnulfi,
885 1997 923 2052 et
935 1997 1138 2052 ceterorum
1144 2011 1159 2068 ,·
1172 2005 1252 2052 curn
1264 1980 1398 2079 quibus,

342 2112 515 2194 quantum
540 2095 654 2170 ridere
678 2095 892 2192 sufficimus,
920 2121 966 2166 ex
990 2099 1219 2167 instructione
1240 2097 1405 2192 Apostoli

341 2210 558 2282 honestatem
566 2237 731 2309 personne
745 2211 1034 2308 contempnentes,
1057 2214 1168 2282 aarum
1190 2214 1402 2283 assumimus

341 2327 570 2416 catholicum,
595 2325 716 2398 diuina
741 2329 814 2425 lege
833 2325 1027 2415 eruditum,
1052 2342 1207 2416 castum,
1231 2325 1397 2412 sobriant,

340 2440 526 2526 humilem,
553 2458 795 2531 mansuetum,
824 2440 1105 2526 misericordem,
1131 2440 1343 2532 beneficum,
1366 2457 1404 2511 et

341 2559 475 2628 ceteris
481 2555 722 2653 pastoralibus
738 2558 987 2628 convenientiis
995 2554 1199 2653 pradum.
1215 2561 1319 2627 Hunc
1331 2558 1397 2626 ito-

340 2695 409 2769 que
427 2671 576 2744 electum
594 2670 719 2744 diurna
739 2670 925 2767 Majestoti
942 2669 1219 2741 consecrandum
1242 2669 1396 2766 offeren-

340 2801 404 2876 tes,
413 2788 564 2884 prasuli
574 2803 694 2860 nostro
707 2787 918 2858 unanimi·
931 2783 1393 2882 Gislebertopraesenuamas‚

335 2903 580 3000 pontificalem
603 2903 833 2975 ecclesiastico
859 2922 957 2970 more
975 2899 1198 2996 postulantes
1214 2922 1396 2971 consecra·

339 3019 482 3108 nonem,
498 3035 536 3090 et
547 3021 756 3091 canonicam
766 3013 1049 3086 benedictionem.

387 3135 462 3204 Hac
482 3134 601 3232 itaque
623 3131 886 3204 monachorum
910 3129 1082 3203 electione
1107 3129 1293 3227 diligenter
1315 3153 1395 3227 per·

338 3245 451 3338 lecta,
483 3262 519 3323 et
549 3262 622 3319 tam
646 3272 667 3319 a
689 3245 860 3345 praesule,
901 3269 1010 3344 quam
1041 3269 1062 3316 a
1088 3244 1191 3317 Clero
1219 3257 1397 3341 gratanter

338 3377 512 3461 suscepta,
526 3362 696 3459 Rogerius
707 3363 745 3434 in
757 3360 994 3434 decollatione
1005 3361 1117 3432 sancti
1128 3359 1300 3432 lobannis
1312 3363 1397 3456 Bap-

338 3478 425 3550 tistae
438 3477 493 3574 (l)
510 3477 620 3550 abbas
638 3493 866 3550 consecratus
880 3490 945 3566 est,
968 3476 1058 3548 etin
1076 3476 1270 3548 crastinum
1288 3499 1309 3544 a
1326 3473 1395 3545 tra-

337 3591 450 3664 tribus
473 3592 565 3663 Utici
581 3589 781 3664 honorifice
802 3605 985 3688 susceptus
1005 3603 1070 3662 est.
1098 3595 1180 3688 Ipso
1203 3589 1278 3678 die,
1308 3587 1396 3660 dum

337 3708 461 3780 fratres
477 3708 524 3780 ad
535 3706 755 3804 colloquium
769 3706 805 3779 in
823 3706 976 3778 claustro
995 3703 1171 3794 sederent,
1188 3719 1223 3776 et
1242 3703 1395 3802 plurima

337 3823 512 3897 subtiliter
540 3822 747 3920 indagantes
774 3821 927 3893 vicissim
951 3819 1173 3908 conferrent,
1199 3819 1394 3917 inspirante

337 3943 428 4031 Deo,
443 3953 482 4012 ut
491 3939 641 4030 estimo,
657 3938 702 4011 de
715 3937 889 4010 Uticensis
905 3934 1060 4008 ecclesiae
1078 3933 1303 4006 dedicatione
1316 3947 1394 4005 orta

370 4201 410 4270 (l)
425 4199 461 4254 Le
471 4202 506 4258 29
518 4197 585 4255 aoist
598 4202 675 4256 4099.
