3130 5058
364 474 424 534 272
629 471 813 533 msronn
835 472 1138 536 nccnmrisnci.
1309 477 1418 560 [nnn

451 601 591 672 Principio
606 600 673 656 dum
686 613 760 656 sexta
774 601 836 657 dies
844 615 997 676 superesset
1009 605 1117 678 aprilis,

485 690 529 743 Lis
544 689 643 744 habuit
655 688 752 758 finem,
767 691 878 762 premia
890 692 1059 764 principium
1074 693 1123 766 (4).

410 832 572 929 Denique
584 847 664 930 post
672 829 809 906 obitum
821 833 999 931 saepedicti
1009 836 1130 933 patris,
1140 832 1309 933 Rogerins
1320 839 1417 910 Baio-

360 947 473 1018 censis
485 947 539 1043 (2)
552 946 682 1019 electus
696 963 760 1035 est,
775 963 810 1018 et
824 972 845 1018 a
858 948 1062 1040 Guilieimo,
1081 950 1271 1047 grandaevo
1286 966 1416 1024 metro-

360 1060 483 1159 polita,
499 1085 548 1132 xn
563 1059 730 1132 kalendas
738 1061 891 1156 junuarii
905 1062 959 1159 (3)
974 1079 1200 1136 consecratus
1216 1081 1281 1153 est,
1296 1064 1417 1162 sicque

360 1177 517 1272 regimen
545 1176 787 1248 Fiscnnnensis
817 1177 971 1250 ecciesiae
998 1193 1144 1276 quartus
1171 1177 1281 1250 abbas
1308 1179 1416 1278 adep-

360 1305 416 1364 tus
433 1305 498 1362 est.
520 1291 656 1363 Primus
672 1293 768 1363 enim
780 1292 989 1366 Guiilelmns
1004 1296 1232 1368 Divionensis
1247 1295 1301 1390 (0)
1319 1295 1416 1367 idem

358 1406 577 1495 coenobium,
595 1405 662 1478 sub
676 1406 825 1480 Ricardo
841 1407 945 1499 duce,
965 1408 1113 1482 solerter
1131 1425 1168 1482 et
1183 1410 1345 1507 religiose
1360 1411 1414 1480 in·

358 1521 502 1611 struxit3
529 1522 587 1594 cui
608 1521 788 1594 iohannes
813 1522 950 1596 italicus
975 1548 1039 1622 per
1061 1547 1219 1596 annoso
1244 1540 1281 1597 et
1302 1550 1413 1596 unum

357 1636 599 1732 successit(5).
611 1635 728 1708 Tertio
741 1651 860 1710 autem
871 1637 907 1709 in
920 1637 1014 1728 loco,
1029 1638 1238 1711 Guiilelmus
1249 1641 1415 1712 Baiocen·

356 1753 416 1842 sis,
432 1777 499 1851 pro
512 1751 642 1824 decore
656 1754 929 1849 cognominatus
940 1752 1071 1843 Puella,
1088 1755 1242 1851 praesuit;
1258 1779 1366 1852 aquo
1378 1755 1414 1825 in

358 1865 1416 1966 monachiliscbemntesusceptussuccessor‚quoddocturus

358 1997 433 2055 erat
449 1981 584 2054 didicit.
605 1986 703 2054 Tunc
718 1983 756 2053 in
775 1981 960 2056 festivitate
975 1985 1088 2055 suncti
1102 1983 1246 2054 Thomoe
1263 1982 1416 2082 apostoli

356 2096 551 2169 silicernius
561 2097 688 2195 presul
699 2097 884 2196 praefetum
896 2099 1097 2194 Rogerium,
1112 2098 1271 2196 aliosque
1283 2123 1354 2170 cxx
1364 2123 1416 2170 sa·

357 2210 519 2284 cerdotes
546 2211 747 2302 ordinavit,
777 2225 813 2284 et
842 2213 878 2282 in
908 2212 1100 2284 crastinum
1128 2211 1415 2284 benedictionem

357 2323 494 2398 abbatis
515 2350 621 2424 super
644 2325 742 2398 iilum
769 2328 952 2423 Rotomagi
980 2328 1126 2426 peregit.
1153 2331 1275 2399 Novus
1297 2329 1415 2426 itaque

357 2439 542 2538 presbyter
564 2453 599 2512 et
621 2439 730 2512 abbas
750 2441 962 2514 Fiscannum
984 2442 1031 2515 ad
1052 2440 1172 2514 Natnle
1190 2444 1339 2515 Domini
1358 2469 1415 2515 ce·

356 2554 569 2628 lebrandurn
602 2555 724 2645 rediit,
757 2557 904 2652 jamque
938 2572 1120 2655 receptum
1152 2559 1311 2654 regimen
1346 2557 1416 2630 iere

357 2693 455 2742 xxxu
474 2671 576 2744 annis
596 2671 709 2742 tenuit
731 2670 798 2766 (6)
827 2675 879 2744 De
900 2670 969 2742 hac
990 2672 1167 2769 siquidem
1189 2672 1415 2744 ordinatione

356 2784 599 2858 indubitanter
610 2783 750 2857 locutus
762 2811 855 2876 sum,
874 2786 958 2882 quin
971 2786 1128 2877 interfui,
1143 2799 1179 2858 et
1196 2785 1413 2858 sacerdotale

356 2901 513 3000 pondus,
519 2899 667 2997 jubente
674 2901 812 2974 domno
824 2901 989 2997 Rogerin,
1003 2900 1131 2974 abbate
1141 2925 1237 2989 meo,
1248 2900 1412 2998 indignus

390 3140 429 3210 (4)
446 3137 502 3195 Sur
518 3138 557 3193 lec
573 3138 704 3194 rouleaux
719 3139 768 3192 des
785 3149 885 3204 morte,
901 3157 982 3210 voye:
995 3138 1021 3194 le
1033 3139 1167 3196 memnii-e
1179 3137 1215 3192 de
1226 3149 1311 3194 notre
1323 3147 1412 3194 nunt

356 3225 412 3279 ami
426 3225 466 3280 Μ.
479 3225 600 3298 Ldopold
613 3225 729 3293 Delisie,
746 3225 859 3281 intituie
873 3248 879 3278 :
893 3225 952 3279 Des
966 3225 1147 3280 Monuments
1161 3225 1410 3299 paldogmphiques

357 3319 527 3370 concernunt
546 3314 652 3386 I'urage
672 3313 708 3368 de
726 3318 804 3387 prier
821 3333 894 3388 pour
913 3313 954 3368 les
974 3321 1070 3378 morte,
1091 3313 1162 3372 Bibl.
1185 3295 1221 3368 de
1243 3313 1345 3370 i’Ecole
1365 3311 1408 3367 det

357 3400 488 3467 Chartes,
506 3401 544 3456 tl·
557 3401 643 3469 se'rie,
660 3412 681 3455 t.
696 3399 749 3456 111.

392 3489 431 3560 (2)
448 3487 542 3562 Roget
551 3487 719 3561 d'Argences
731 3491 777 3560 (24
795 3487 941 3544 decembre
955 3489 1074 3548 4407-22
1088 3505 1162 3544 mart
1177 3491 1246 3544 4438
1258 3505 1297 3545 ou
1307 3487 1394 3556 4430).

391 3577 432 3647 (0)
448 3574 610 3632 Guiliaume
621 3575 827 3641 Bonae-Ame,
845 3575 1017 3652 ercheveque
1033 3576 1068 3632 de
1085 3575 1194 3632 Rouen.
1207 3605 1244 3618 -
1256 3575 1295 3630 Le
1312 3578 1341 3633 24
1362 3571 1405 3626 ἀέ-

357 3662 468 3719 cembre
480 3665 558 3721 4407.

392 3752 433 3824 (4)
452 3752 487 3806 Le
505 3750 696 3806 bienbeureux
714 3747 876 3806 Guiilaume
894 3749 930 3805 de
951 3748 1035 3822 Dijon
1053 3751 1233 3822 (4004·4020.
1245 3778 1282 3791 -
1298 3752 1334 3803 4“
1346 3744 1403 3816 jen·

357 3839 416 3894 vier
435 3841 527 3910 4434).
548 3837 635 3894 Notre
654 3849 753 3893 auteur
774 3837 863 3911 paruit
880 3837 956 3893 avoir
978 3835 1076 3910 ignore
1095 3835 1163 3912 qu'ii
1180 3837 1248 3891 etait
1264 3831 1402 3908 originaire

358 3926 475 3995 d’Itulie,
489 3943 597 3982 comme
609 3943 659 3982 uon
673 3943 839 3982 successeur.

392 4015 432 4089 (6)
449 4015 532 4082 Jeun‚
550 4014 672 4088 premier
688 4012 728 4068 du
744 4031 825 4082 nom,
843 4015 879 4068 ne
895 4031 948 4069 eux
966 4011 1096 4068 environc
1109 4010 1145 4066 de
1158 4009 1289 4066 Ravenne
1309 4007 1397 4079 (4020·

358 4107 388 4164 24
405 4103 506 4160 sevrier
519 4106 587 4161 4070
602 4119 639 4156 ou
652 4103 748 4172 4079).
769 4149 772 4156 .

395 4193 433 4264 (0)
450 4192 491 4248 Ce
504 4207 617 4264 passage
631 4189 692 4245 doit
705 4190 781 4244 avoir
793 4191 838 4244 e'te
850 4191 919 4248 e'crit
931 4189 998 4246 dans
1009 4189 1036 4246 le
1049 4198 1166 4244 cournnt
1177 4187 1214 4244 de
1225 4191 1303 4246 4400,
