2888 4934
202 430 239 487 12
473 423 658 485 ulsrottlt
680 423 988 485 Ecctnsttsrtct.
1047 425 1255 503 [1087-1200]

199 569 351 643 taverat,
371 571 406 626 et
427 555 613 653 epistolam
638 557 729 652 regis
746 557 791 628 de
810 554 1019 627 coronanda
1038 555 1139 654 prole
1165 559 1256 627 Lan·

198 669 320 741 franco
335 669 603 769 archiepiscopo
621 670 817 759 detulerat,
839 684 919 768 post
935 685 1089 742 mortem
1108 672 1256 768 Remigii

199 784 456 858 lincoliensem
480 787 723 885 episcopatum
744 787 897 884 recepit,
916 809 1024 882 quem
1052 786 1256 883 plusquam

199 927 245 972 xx
270 903 372 974 annis
391 903 516 974 tenuit.
544 902 715 975 Girardus
737 917 874 992 autem,
896 926 1009 1001 nepos
1034 901 1257 974 Gualchelini

197 1018 484 1108 Guentoniensis‚
498 1019 596 1116 prius
608 1019 734 1116 praesul
746 1017 1004 1101 Hersordensis,
1017 1033 1143 1115 postea
1153 1042 1255 1106 vem,

197 1149 360 1234 tempore
379 1136 520 1207 Henrici
537 1137 639 1233 regis,
660 1134 948 1234 archiepiscopus
967 1134 1077 1206 factus
1096 1148 1150 1205 est
1168 1133 1260 1204 Ebo-

197 1252 364 1322 recensis.
385 1250 595 1323 Guillelmus
611 1276 756 1350 quoque
778 1250 823 1323 de
841 1248 1099 1322 Guarel·Guest
1118 1250 1257 1347 episco-

196 1365 299 1463 pium
316 1365 442 1439 habuit
458 1367 676 1458 Exonieme,
695 1366 876 1439 lohannes
901 1365 1059 1438 Medicus
1077 1362 1255 1450 Badense,

198 1480 368 1554 Radulfus
386 1498 627 1581 cognomento
643 1483 741 1556 lulla
760 1484 996 1572 cicestrense,
1013 1496 1049 1553 et
1062 1479 1259 1553 Ranuulfus

197 1596 430 1684 Flambardus
456 1597 718 1686 Dunelmense,
748 1598 942 1671 Herbertus
974 1597 1058 1670 verb
1087 1598 1260 1695 losengia

196 1712 439 1786 Tetsordense.
466 1715 524 1785 Sic
546 1694 668 1811 utique
686 1713 859 1813 capellani
881 1715 973 1811 regis
995 1729 1030 1785 et
1047 1714 1151 1785 amici
1168 1738 1260 1810 prae-

198 1825 332 1900 solatus
351 1828 483 1926 Angliae
498 1829 618 1927 adepti
638 1845 740 1920 sunt,
761 1845 797 1902 et
812 1828 977 1907 nonnuli
1001 1852 1045 1899 ex
1065 1828 1150 1925 ipu's
1174 1851 1261 1925 prae·

198 1943 375 2039 posituras
397 1944 444 2016 ad
460 1945 719 2042 opprimendos
743 1947 893 2045 inopes,
914 1943 1053 2042 sibique
1079 1940 1261 2039 augendas

199 2082 287 2157 opes
311 2059 542 2133 nihilominus
567 2077 769 2134 tenuerunt.
803 2061 866 2132 alii
891 2086 976 2132 vero
1004 2083 1071 2157 pro
1095 2070 1260 2156 suscepto

200 2172 424 2248 ecclesiastici
441 2177 621 2274 regiminis
639 2201 750 2249 onere
773 2174 944 2246 divinitus
960 2173 1137 2272 perterriti
1156 2185 1259 2261 sunt,

200 2287 337 2388 sibique
354 2294 551 2365 commissis
569 2294 664 2365 intus
677 2309 713 2365 et
731 2291 883 2363 exterius
892 2287 1080 2362 salubriter
1091 2287 1262 2386 prodesse

200 2405 427 2498 studuerunt,
445 2408 605 2506 vitasque
618 2433 700 2480 suas
712 2405 911 2480 secundum
924 2402 1184 2501 beneplacitam
1196 2425 1262 2473 vo·

200 2520 374 2597 luntatem
391 2527 455 2597 Dei
469 2525 696 2599 laudabiliter
712 2523 955 2597 correxerunt.
975 2521 1147 2593 Homines
1164 2519 1262 2591 enim

201 2638 312 2713 multa
331 2639 464 2715 faciunt
481 2641 703 2740 culpabiliter
718 2665 785 2738 pro
799 2638 974 2740 explenda
986 2661 1050 2709 sua
1064 2635 1260 2723 voluntate,

200 2754 251 2825 nil
269 2772 478 2855 appetentes
496 2758 563 2829 nisi
587 2756 726 2829 libitum
744 2779 849 2826 suum
872 2755 908 2824 in
927 2764 1127 2852 perpetrata
1142 2749 1262 2848 pravi·

201 2881 292 2957 tate;
310 2896 388 2968 quae
402 2874 542 2971 sapiens
560 2871 691 2944 arbiter
706 2871 867 2941 omnium
882 2868 928 2939 ad
948 2865 1142 2937 multorum
1160 2889 1263 2936 com·

201 2984 411 3058 moditatem
432 3013 496 3060 sua
520 2988 611 3061 bene
633 2985 791 3083 disponit
814 2980 982 3055 ineffabili
1008 2981 1150 3080 pietate.
1184 2979 1263 3050 Ple·

201 3123 355 3197 rumque
366 3099 462 3173 leves
478 3118 514 3174 et
530 3103 666 3175 indocti
679 3101 858 3199 eliguntur
873 3096 919 3171 ad
930 3098 1088 3194 regimen
1101 3092 1264 3165 Ecclesiae

202 3213 414 3304 tenendum,
431 3239 504 3286 nou
523 3240 589 3313 pro
606 3215 792 3289 sanctitate
818 3213 916 3302 vitae,
936 3208 992 3283 vel
1010 3205 1265 3289 ecclesiastico-

203 3554 319 3620 tvenne,
334 3553 403 3607 mais
414 3570 530 3618 encore,
545 3561 574 3606 et
585 3549 741 3624 pardessus
752 3551 778 3607 le
791 3549 920 3614 marche,
934 3545 1057 3618 l'abbaye
1068 3542 1104 3600 de
1117 3542 1267 3598 Wiuehes·

203 3653 247 3697 ter
261 3660 332 3714 pour
344 3659 393 3697 son
406 3642 482 3713 pdre.
494 3639 569 3695 C'est
581 3657 611 3694 ce
624 3639 673 3711 qui
687 3637 780 3694 donna
798 3639 853 3694 lieu
866 3656 901 3692 au
914 3636 1038 3710 dictique
1053 3633 1164 3688 suivant
1177 3655 1183 3684 :

392 3776 499 3823 nectestae
510 3776 608 3822 nummis
621 3773 753 3827 venduntur,
769 3785 791 3819 et
801 3789 857 3818 auro

349 3861 421 3910 Filius
432 3873 466 3906 est
474 3860 565 3923 proerul
571 3895 579 3914 ,
587 3870 657 3922 pater
664 3857 737 3910 atta,
748 3859 827 3903 Simon
835 3868 935 3921 uterquc.

240 3985 314 4040 C’est
328 4004 391 4043 sous
404 4005 454 4042 son
468 3986 709 4054 administrum,
724 4001 760 4037 en
778 3986 863 4053 44495,
876 4000 931 4056 que
943 3980 969 4035 lc
984 3981 1059 4052 siege
1070 3975 1211 4051 episcopal
1223 3975 1269 4031 fut

207 4080 363 4148 tmusporte
385 4077 420 4133 de
442 4076 559 4132 Tetsord
584 4082 599 4131 'a
623 4074 766 4130 Norwich.
790 4074 813 4127 ll
835 4082 949 4127 mourut
970 4069 995 4125 le
1016 4072 1051 4127 22
1072 4066 1167 4139 juillet
1184 4070 1266 4123 4449.

206 4167 299 4240 Voyez
312 4172 327 4224 l
340 4189 390 4226 son
402 4172 476 4243 sajet
487 4171 627 4226 l'Histoire
639 4171 761 4225 lite'raire
775 4167 811 4222 de
825 4166 949 4230 Franco,
962 4175 984 4221 t.
999 4162 1040 4228 X,
1055 4182 1084 4236 p.
1096 4165 1158 4221 265.
