2888 4934
107 413 217 489 [roae]
474 404 798 469 namnucmns.
1122 407 1158 467 ar

108 557 145 614 et
164 553 319 613 armatos
339 562 499 636 quosque
517 542 672 610 Francos
695 552 732 609 ct
753 535 883 632 Anglos
907 550 1030 607 contra
1050 551 1162 609 extra·

107 682 195 730 neas
207 653 400 755 phalanges
412 654 459 725 ad
473 655 596 752 patriae
611 651 756 725 tutelam
768 675 960 751 properare
976 652 1164 726 mandave-

108 785 207 843 runt.
228 770 378 842 Maxima
397 770 503 867 igitur
521 768 713 840 multitudo
732 766 777 841 de
794 767 965 839 comitatu
984 771 1112 839 Cestrae
1128 783 1164 840 et

108 882 370 958 Scrobesburiae
392 900 602 980 congregata
627 897 700 970 est,
728 897 762 953 et
786 884 821 952 in
854 882 996 979 regione
1021 887 1162 978 Dagan-

109 1000 202 1073 noth
217 1000 273 1095 (l)
295 1024 396 1072 secus
415 1024 513 1072 marc
534 999 581 1071 ad
600 998 759 1097 praelium
780 1013 971 1096 praeparata
991 1013 1054 1069 est.
1077 997 1164 1070 llluc

108 1121 214 1212 Hugo
234 1115 280 1187 de
300 1114 618 1187 Monte-Gomerici
633 1139 717 1186 cum
732 1114 803 1185 suis
820 1112 968 1185 coetibus
986 1113 1085 1211 prior
1104 1137 1164 1184 ac·

108 1231 240 1319 currit,
256 1244 304 1318 et,
321 1229 520 1301 auxiliarios
535 1227 809 1301 contubernales
823 1243 1028 1326 expectans,
1046 1225 1165 1298 multis

108 1343 238 1417 diebus
261 1343 309 1415 ibi
329 1343 508 1433 consedit,
535 1345 774 1442 patriamque,
800 1368 845 1415 ne
869 1342 1084 1432 Gnalenses,
1103 1365 1165 1415 seu

110 1460 362 1558 Nordwigenaef
375 1462 413 1532 in
430 1460 663 1559 provinciales
679 1461 867 1549 irruerent,
889 1459 1166 1556 circumspectus

109 1577 252 1647 tutavit.
270 1575 434 1664 Quadam
452 1600 537 1648 vero
553 1574 626 1664 dic,
644 1574 733 1646 dum
751 1599 857 1672 supra
879 1574 975 1646 littus
993 1574 1168 1671 indigente

110 1691 244 1762 turbati
260 1691 521 1779 discurrerent,
533 1714 642 1787 seque
660 1704 784 1762 contra
804 1689 996 1780 Nordicos,
1022 1714 1112 1787 quos
1129 1690 1167 1760 in

111 1805 346 1878 navibussuis
362 1807 482 1879 saevire
496 1821 621 1878 contra
640 1804 770 1902 anglos
789 1804 971 1895 ridebant,
992 1830 1168 1904 praepara-

112 1935 213 2009 rent,
232 1925 336 2018 Hugo
356 1945 494 2012 comes,
513 1944 646 2018 equum
668 1918 864 1991 calcaribus
889 1944 1036 2017 urgens,
1057 1934 1169 1992 coetns

111 2060 198 2108 suos
216 2035 471 2133 congregabat,
494 2051 529 2108 et
545 2048 671 2107 contra
688 2035 822 2128 hostes,
838 2060 884 2107 ne
901 2037 1049 2134 sparsim
1067 2035 1168 2108 divisi

111 2150 378 2241 invaderentur,
397 2152 582 2252 principali
592 2153 707 2249 rigore
719 2150 919 2226 coercebat.
934 2157 1071 2225 Interea
1088 2151 1170 2224 bar·

112 2264 478 2364 harusNordwigena,
490 2281 529 2339 ut
537 2267 704 2340 comitem
714 2265 850 2363 agiliter
861 2266 1081 2365 equitantem
1089 2291 1171 2366 pro·

112 2382 249 2478 spexit,
281 2382 468 2479 instigante
496 2382 642 2454 diabolo
672 2382 861 2454 stridulum
893 2383 1025 2455 missile
1051 2383 1168 2455 subito

113 2495 254 2587 direxit,
271 2499 521 2596 egregiumque
535 2499 716 2588 comitem,
733 2499 825 2596 proh
843 2497 964 2570 dolor!
981 2500 1166 2599 percussit.

114 2612 187 2697 Qui
198 2612 361 2709 protinus
373 2613 520 2702 corruit,
535 2627 570 2685 et
583 2614 620 2684 in
634 2612 799 2686 fluctibus
816 2613 923 2685 maris
930 2614 1004 2709 jam
1020 2631 1170 2687 aestuan-

113 2728 158 2798 tis
184 2729 366 2826 expiravit.
395 2727 499 2800 Unde
526 2728 632 2801 dolor
653 2729 778 2826 ingens
803 2744 946 2800 exortus
970 2745 1035 2801 est.
1064 2729 1172 2826 Cujus

116 2854 271 2913 mortem
293 2845 440 2940 Magnus
461 2868 522 2915 rex
550 2858 590 2915 ut
613 2845 817 2943 comperiit,
840 2842 1070 2916 vehementer
1088 2869 1172 2918 curn

113 2957 189 3026 suis
205 2955 360 3054 planxit,
387 2974 423 3030 et
444 2958 588 3057 Hugoni
612 2961 781 3057 Dirgane,
810 2957 849 3030 id
874 2972 927 3030 est
946 2962 1079 3033 Grosso
1096 2959 1169 3058 (2),

151 3156 193 3229 (4)
204 3157 261 3214 Sur
271 3177 303 3214 ee
314 3159 373 3215 lien
386 3177 468 3231 royez
480 3160 634 3228 cidersur,
648 3171 671 3216 t.
685 3161 741 3226 ΙΙΙ,
754 3180 782 3231 p.
796 3162 860 3216 283.

150 3249 193 3317 t2)
210 3248 325 3320 Hngne,
347 3259 439 3305 comte
461 3248 496 3304 de
520 3249 646 3306 Chester.
668 3250 705 3304 1ae
727 3248 871 3322 rubriquet
887 3265 943 3322 que
960 3249 1016 3302 cite
1035 3248 1073 3304 ici
1093 3258 1174 3303 notre

113 3347 227 3403 auteur,
242 3337 472 3410 paraitetrauger
485 3356 539 3394 aux
554 3338 669 3412 langues
680 3337 886 3411 Teutoniques,
905 3337 976 3392 aussi
993 3336 1059 3392 bien
1073 3335 1174 3409 qu'aur

114 3423 254 3479 buoches
265 3442 389 3480 conones
400 3423 440 3480 du
451 3425 590 3500 Celtiqne.

151 3511 289 3568 Giraldns
303 3513 481 3569 cambrensis
494 3523 606 3569 raconte
622 3523 667 3568 cet
679 3515 842 3570 evenenerit
853 3513 937 3568 d'une
948 3523 1012 3569 tant
1026 3523 1105 3569 autre
1118 3530 1175 3567 ma·

115 3601 206 3655 aiere.
218 3600 334 3656 Suirant
344 3600 398 3670 lui,
414 3620 446 3657 oe
457 3602 500 3659 fut
512 3602 581 3658 dans
592 3601 647 3658 ttte
659 3601 821 3676 d'Anglesey
832 3602 901 3676 qn’il
914 3600 1084 3675 s'accomplit
1096 3624 1102 3656 :

151 3689 211 3743 Est
222 3698 250 3742 et
262 3692 293 3743 in
305 3689 358 3745 liae
366 3691 460 3745 insula
468 3692 584 3746 ecclesia
594 3693 694 3748 Sancti
705 3691 878 3764 Tesredanei
887 3691 1065 3776 consessura,
1079 3693 1108 3746 in
1119 3708 1176 3764 qua

118 3775 214 3849 Bago,
231 3796 322 3832 comes
336 3777 583 3850 Slopesburierrsis,
600 3799 664 3835 cum
680 3782 766 3836 semel
778 3797 835 3834 una
847 3798 910 3833 cum
923 3783 1019 3835 comite
1036 3780 1178 3836 Cernere·

117 3864 193 3920 lianc
203 3866 327 3920 mulum
337 3869 368 3920 ni
376 3866 576 3940 ingrederetur,
587 3886 671 3924 caries
684 3878 763 3924 nocte
773 3867 896 3942 quadam
902 3871 1048 3941 posuisset,
1061 3869 1176 3922 insuam

118 3969 216 4006 omnes
226 3971 309 4007 marre
322 3955 434 4025 recepit.
448 3955 489 4010 Et
502 3957 617 4028 ipsemet
631 3956 710 4029 infra
721 3974 842 4010 mensem
858 3954 1053 4012 miserabiliter
1065 3958 1176 4011 extinc-

119 4049 165 4094 tus
178 4039 320 4103 accubuit;
333 4052 510 4097 accesserant
521 4047 594 4099 enim
607 4043 648 4098 ad
660 4045 760 4099 insulae
775 4053 887 4116 portum
902 4044 939 4099 ab
956 4043 1116 4099 orchadum
1128 4045 1177 4096 iri-

120 4127 190 4182 sniis
196 4131 299 4199 pirata
309 4131 339 4183 in
351 4130 470 4185 naribus
482 4131 590 4204 langier
603 4151 720 4205 quorum
733 4132 883 4188 adventum
892 4132 941 4186 ubi
951 4150 1042 4188 comer
1053 4131 1175 4197 audivit,
