3256 5048
333 501 372 558 58
605 497 787 560 fllsrottlt
809 497 1116 590 ucctsssttsttca.
1282 505 1389 583 [tosa]

330 629 379 703 ad
392 653 511 728 regem
527 630 564 702 in
579 630 737 728 Angliam
752 631 893 708 direxit.
910 636 1021 705 Porro
1033 629 1105 722 ille,
1120 633 1210 704 mari
1223 634 1390 709 transire·

332 759 421 836 tato,
432 745 692 820 clarendonam
707 747 763 845 (l)
775 749 885 839 venit,
894 749 969 846 regi
980 771 1065 821 cum
1077 747 1306 822 familiaribus
1317 753 1390 826 suis

331 861 369 932 in
383 865 712 936 Novam-Forestam
723 863 779 962 (2)
796 865 968 962 equitanti
986 863 1160 956 obviavit,
1180 879 1216 938 et
1228 865 1391 938 alacriter

331 978 524 1075 inquirenti
538 1003 720 1070 rumores,
739 981 951 1080 respondit:
973 983 1208 1054 cenomannis
1222 1007 1291 1080 per
1298 1007 1388 1080 pro·

330 1090 496 1165 ditibnem
516 1111 681 1194 surrepta
704 1112 769 1170 est.
801 1101 933 1168 Verum
956 1096 1120 1168 dominus
1141 1121 1238 1168 naeus
1260 1097 1389 1169 Boloo·

332 1231 413 1277 uem
427 1207 590 1295 custodit,
607 1225 642 1281 et
657 1209 942 1310 regolirforru'lio
960 1235 1081 1284 omnes
1098 1214 1311 1283 munitiones
1324 1210 1392 1282 sibi

330 1327 529 1424 assignatos
560 1327 708 1400 solerter
737 1327 952 1416 observavit,
986 1328 1229 1427 attrib'umque
1261 1327 1391 1428 regalis

327 1445 493 1538 potentie
518 1442 735 1514 veliementer
755 1442 932 1516 desilierat
953 1447 991 1514 in
1010 1442 1135 1516 hostile
1156 1441 1272 1529 robur,
1298 1439 1394 1541 quod

330 1579 389 1626 eos
398 1554 550 1655 undique
562 1557 711 1630 includit
724 1575 761 1632 et
767 1565 962 1658 impugnat.
979 1560 1039 1632 His
1050 1558 1194 1650 auditis,
1208 1581 1270 1630 rex
1281 1557 1387 1629 dixit:

331 1675 465 1746 Eamus
477 1689 579 1745 mons
589 1697 689 1746 more
698 1690 836 1748 nostros
845 1674 1029 1774 odJ'uvorel
1040 1674 1177 1747 Eodem
1189 1687 1387 1762 momentu,

331 1789 540 1864 inconsultis
555 1791 735 1884 omnibus,
752 1815 887 1892 equum
896 1792 1047 1864 habenis
1058 1791 1244 1889 regyravit,
1260 1791 1391 1889 ipsum·

331 1929 402 2003 que
426 1907 621 1981 calcaribus
644 1933 794 2009 urgens,
825 1910 871 1983 ad
896 1922 1049 2008 pontum
1072 1907 1266 1997 festinavit,
1292 1920 1328 1978 et
1352 1906 1389 1977 in

331 2024 526 2119 quamdam
543 2038 720 2098 vetustam
737 2027 877 2116 navim,
904 2037 1014 2124 quam
1031 2024 1122 2096 forte
1138 2023 1290 2112 invenit,
1314 2022 1392 2093 sine

332 2139 430 2236 regio
442 2153 614 2239 apparatu
625 2143 724 2214 velut
734 2141 895 2242 plebeius
905 2142 1062 2237 intravit,
1076 2155 1112 2213 et
1127 2141 1301 2237 remigare
1312 2161 1393 2236 pro-

333 2254 428 2326 tinus
452 2255 637 2352 imperavit
665 2257 733 2354 (3).
764 2258 821 2328 sic
848 2257 1017 2329 nimirum
1042 2276 1110 2328 nec
1134 2267 1392 2352 congruentem

332 2367 470 2459 flatum,
482 2393 550 2444 neo
563 2373 693 2463 socios,
704 2398 772 2446 nec
783 2373 863 2463 alia,
879 2397 957 2472 quae
971 2374 1105 2470 regiam
1114 2371 1321 2468 dignitatem
1330 2368 1392 2441 de·

331 2486 474 2580 cebant,
493 2491 708 2588 expectavit3
724 2489 801 2582 sed,
819 2491 938 2562 omnis
954 2504 1070 2563 metus
1087 2511 1225 2587 expers,
1242 2485 1392 2557 iortunae

332 2617 368 2675 et
386 2603 511 2702 pelago
532 2630 608 2678 sese
622 2607 819 2693 commisit,
837 2621 872 2678 et
890 2607 1052 2703 sequenti
1076 2602 1156 2676 luce
1178 2601 1223 2674 ad
1246 2615 1392 2699 portum

331 2717 470 2792 Tolchae
484 2721 553 2818 (lt),
573 2724 651 2793 Deo
670 2720 774 2809 duce,
793 2720 909 2793 salvus
926 2718 1108 2817 applicuit.
1129 2716 1201 2807 lbi,
1224 2731 1262 2787 ut
1283 2714 1393 2785 moris

366 2999 408 3071 (l)
420 3000 590 3069 Cearrsuon,
603 3002 740 3056 ancienne
754 2999 897 3055 residence
911 2998 1017 3071 royale.
1032 2993 1214 3069 aujourd'hui
1227 2992 1326 3067 simple
1339 2991 1390 3047 ba·

334 3103 414 3141 mean
425 3086 460 3143 de
471 3087 498 3142 la
512 3091 633 3162 paroisse
644 3091 838 3156 d’Atnnsmr,
851 3091 866 3142 i
879 3089 948 3143 trois
959 3085 1048 3142 milles
1060 3085 1091 3140 Ε.
1105 3083 1140 3139 de
1152 3081 1303 3154 Salisbury.

368 3177 408 3250 (2)
420 3177 476 3232 Sur
488 3175 514 3232 le
528 3179 719 3243 Now-Pereat,
732 3197 815 3251 voyea
829 3178 982 3246 ci-deasua,
997 3185 1017 3230 t.
1031 3175 1076 3241 11,
1090 3194 1118 3249 p.
1133 3178 1197 3232 iul.

368 3265 407 3337 (3)
428 3263 516 3321 Notre
531 3277 631 3322 auteur
649 3286 665 3322 a
681 3270 752 3323 omis
769 3268 805 3324 ici
825 3286 864 3322 un
882 3277 941 3322 mot
957 3267 1007 3340 qui
1026 3265 1106 3338 peiut
1127 3260 1393 3318 merveilleusement

332 3353 532 3426 l’impetuosite
540 3354 576 3410 de
585 3357 725 3411 caractere
733 3355 771 3411 du
783 3373 938 3431 monarque
949 3353 1074 3428 Anglais.
1087 3353 1125 3409 Le
1136 3362 1235 3426 patron
1247 3351 1286 3405 du
1299 3351 1392 3405 navim

334 3443 433 3500 faisant
444 3444 494 3501 des
504 3445 659 3514 dillieoltes,
674 3457 703 3502 et
714 3448 872 3521 exprimant
883 3446 932 3502 des
941 3445 1062 3501 craintes
1073 3461 1121 3500 sur
1132 3443 1159 3498 le
1170 3445 1264 3499 succes
1273 3441 1309 3497 de
1320 3449 1393 3497 cette

335 3533 493 3606 navigation
514 3534 693 3607 improvisae,
716 3552 751 3590 au
774 3535 870 3590 milieu
894 3534 930 3591 de
949 3535 1153 3590 circonstauces
1171 3530 1360 3587 deiavorables
1382 3551 1389 3584 ε

334 3625 435 3696 Atqui,
449 3626 539 3696 inquit
551 3641 615 3694 rex,
629 3641 774 3702 nunquam
786 3623 883 3680 amltvi
894 3641 987 3698 regem
1000 3621 1153 3696 naufragio
1166 3625 1304 3677 interisse.

370 3715 410 3785 (l)
434 3713 512 3770 Nous
532 3733 567 3770 ne
587 3731 705 3788 pensms
725 3733 775 3789 pas
796 3713 865 3789 qu'il
885 3713 960 3770 iaille
982 3715 1153 3790 interpreter
1179 3727 1224 3768 oea
1249 3719 1322 3767 mota
1344 3727 1395 3782 par

335 3803 467 3876 Totaque,
483 3803 509 3859 le
523 3804 666 3859 territoire
681 3803 717 3859 de
728 3801 754 3859 la
771 3819 920 3859 commune
936 3802 972 3858 de
987 3801 1122 3876 Touque,
1137 3801 1206 3854 mais
1219 3818 1269 3874 par
1287 3795 1314 3853 le
1330 3806 1395 3872 port

335 3889 370 3945 tle
381 3889 406 3947 la
420 3893 548 3968 Touque,
562 3891 588 3947 le
601 3903 666 3964 port
678 3893 751 3949 sitne
763 3895 778 3948 i
789 3891 999 3948 l'embouclrure
1014 3887 1049 3945 tle
1062 3889 1086 3945 la
1101 3886 1230 3963 Tuoque,
1245 3905 1294 3942 sur
1306 3887 1332 3941 le
1341 3895 1395 3941 ten

335 3979 433 4035 ritoire
447 3980 482 4037 de
497 3980 651 4038 Trourille.
664 3981 705 4038 Ce
717 3981 761 4037 iut
773 3979 986 4055 probablement
1002 3979 1028 4036 le
1046 3981 1113 4034 cure
1132 3977 1167 4034 de
1180 3987 1253 4033 cette
1266 3975 1395 4031 dernier-e

335 4084 497 4139 commune,
513 4071 562 4146 qui
576 4071 684 4127 louroit
701 4070 726 4125 la
740 4071 916 4143 jumentam
932 4065 1050 4144 laquelle
1067 4066 1092 4122 le
1111 4069 1153 4122 roi
1170 4075 1265 4121 monta
1278 4083 1350 4137 pour
1366 4081 1394 4118 se

336 4157 437 4215 rendre
453 4161 470 4214 a
484 4159 651 4215 ffluncville.
665 4159 713 4216 S’il
725 4160 794 4215 e'tait
806 4159 878 4233 parti
895 4159 931 4214 de
945 4159 1065 4232 Touque
1083 4157 1189 4223 meme,
1206 4153 1231 4210 le
1249 4155 1331 4226 trajet
1346 4151 1395 4208 orit

335 4249 381 4300 ete
394 4249 416 4302 si
430 4259 550 4304 coartet
562 4250 585 4306 si
598 4249 691 4318 facile,
706 4249 774 4324 qu'il
787 4247 896 4303 l’aurait
912 4244 1124 4319 probablement
1136 4243 1185 4300 tait
1201 4247 1214 4298 l
1230 4241 1304 4316 pied.
