2888 4934
191 371 253 431 216
464 367 649 430 ntstottts
670 368 976 432 Eccnnsltsttca
1140 376 1241 457 [tros]

190 498 309 573 calore
320 500 527 596 asperrima,
540 523 672 572 messes
685 499 732 571 ad
745 503 983 575 maturitatem
996 501 1177 601 perduxit,
1190 510 1243 581 oui

189 615 313 689 similis
329 629 522 686 autumnus
539 615 759 714 pedetentim
778 620 955 690 successit.
979 623 1123 692 Causon
1142 622 1199 720 (4)
1213 638 1245 697 et

189 730 321 820 febres,
346 729 492 828 aliaeque
521 729 742 804 infirmitates
767 733 960 830 terrigenas
986 734 1091 807 valde
1115 735 1247 811 afflixe-

189 861 289 936 runt,
309 861 344 919 et
361 846 493 918 multos
508 845 717 944 languentes
734 848 770 919 in
787 848 920 920 lectum
939 864 1223 947 pmstraverunt.

237 964 328 1033 XVl.
347 960 485 1033 Eodem
501 985 634 1051 mense,
650 960 858 1035 Goissredus
874 963 1066 1054 Martellus,
1087 964 1247 1064 andega-

188 1099 318 1148 vorum
331 1100 466 1163 comes,
481 1074 683 1147 Condatnm
696 1076 871 1174 oppidum
885 1083 1247 1176 superNormannum

188 1188 235 1262 de
251 1193 372 1261 Monte
390 1188 521 1261 Revelli
542 1187 698 1281 obsedit,
724 1206 759 1262 et
779 1191 925 1263 viriliter
944 1193 1193 1291 expugnavit(
1218 1192 1246 1291 ).

188 1307 274 1376 Erat
291 1305 388 1376 enim
406 1303 502 1375 idem
522 1319 685 1376 strenuus
701 1320 736 1377 et
754 1304 854 1377 fortis
866 1307 1091 1401 justitiarius,
1111 1323 1249 1383 etcum

187 1418 286 1514 virga
304 1416 496 1516 disciplina
516 1419 643 1491 acriter
661 1418 871 1492 imminebat
888 1420 1008 1493 surum
1027 1437 1136 1519 atque
1158 1446 1249 1521 praa·

188 1531 326 1606 donum
342 1533 556 1625 cervicibus,
581 1533 710 1632 quibus
729 1551 830 1634 pater
846 1536 923 1632 ejus
942 1560 1089 1636 parcere
1103 1538 1250 1634 jamdu-

188 1648 275 1722 dum
293 1666 368 1725 erat
387 1650 530 1740 solitus,
549 1651 633 1748 quia
654 1652 689 1722 in
708 1651 835 1749 praedis
854 1676 980 1723 corum
1002 1667 1038 1724 et
1057 1651 1251 1725 latrociniis

187 1789 271 1837 cum
286 1764 422 1838 eisdem
437 1764 620 1838 laetabatur
635 1765 807 1856 crebrius,
823 1768 976 1866 acceptis
987 1766 1072 1840 inde
1084 1767 1153 1840 sibi
1169 1792 1252 1868 por·

187 1879 357 1952 tionibus.
380 1880 536 1971 Deinde,
557 1896 749 1980 postquam
771 1881 979 1954 adolescens
995 1883 1124 1971 crevit,
1141 1896 1182 1955 et
1196 1884 1251 1957 in·

188 2010 330 2092 gentem
341 1996 537 2093 nequitiam
549 2020 615 2095 per
626 1998 735 2096 patris
748 1998 802 2069 sui
814 1996 1057 2069 detestabilem
1073 1998 1251 2071 incuriam

187 2109 225 2180 in
242 2108 485 2207 audegaveusi
501 2111 686 2208 provincia
702 2110 852 2185 ebullire
868 2112 1066 2210 prospexit,
1088 2111 1169 2184 zelo
1186 2112 1252 2187 Dei

187 2242 440 2325 compunctus,
455 2229 588 2300 miserae
599 2229 749 2325 regioni,
760 2253 839 2326 quae
848 2228 1015 2303 omnibus
1023 2226 1254 2303 bonisabuu·

189 2340 302 2430 daret,
317 2343 347 2414 si
357 2365 445 2440 pace
458 2343 646 2440 potiretur,
660 2343 862 2416 condoluit.
876 2344 1033 2417 Tandem
1048 2345 1137 2444 ipse,
1149 2346 1252 2441 jussu

188 2458 379 2548 Goisfredi,
395 2459 511 2558 patrui
523 2459 590 2547 sui,
605 2460 667 2556 qui
681 2459 857 2556 legitimus
871 2460 975 2532 heres
989 2475 1064 2532 erat
1075 2460 1156 2558 (sed
1171 2484 1252 2559 per·

184 2578 287 2674 jnrus
295 2576 329 2649 ei
339 2575 448 2648 Fulco
458 2575 665 2673 dignitatem
676 2576 881 2648 consulatus
891 2575 1099 2665 abstulerat,
1116 2576 1253 2674 ipsum·

187 2719 258 2790 que
269 2692 365 2791 apud
379 2692 581 2764 Chinonem
597 2707 751 2763 castrum
763 2692 836 2764 fere
850 2718 922 2762 xxx
936 2693 1039 2764 aunis
1051 2692 1088 2762 in
1108 2715 1253 2764 carcere

188 2808 366 2880 reclusum
395 2821 575 2897 tenuerat,
607 2806 722 2893 unde,
755 2804 951 2879 venerabili
982 2803 1129 2878 Urbano
1157 2810 1253 2904 Papa

188 2939 360 3020 praesente
386 2938 421 2997 et
449 2923 664 3022 imperante,
692 2923 752 2993 vir
776 2921 959 2994 absolutus
984 2920 1155 3016 exierat),
1186 2944 1251 2994 an·

179 3055 321 3140 'nuente
336 3039 570 3112 nibilominus
588 3053 706 3137 patre,
727 3037 1018 3133 andegavensem
1037 3038 1254 3110 comitatum

189 3156 343 3251 accepit,
370 3180 583 3253 summoque
603 3168 735 3226 conatu
760 3153 1010 3225 rectitudinem
1030 3150 1259 3251 simplicibus

223 3488 264 3558 (4)
283 3486 380 3540 Fievre
393 3485 538 3551 brtilante,
554 3486 637 3538 bevre
649 3483 778 3538 violente.

222 3575 262 3645 (2)
281 3575 332 3629 Les
342 3573 492 3628 historiens
506 3572 652 3626 modernes
662 3569 823 3625 douneutle
833 3587 899 3624 nom
909 3568 1254 3637 deLandeaceehitoen,

188 3673 216 3717 et
228 3663 354 3734 ajoutent
367 3662 433 3736 qn'il
448 3662 516 3717 etait
530 3661 602 3715 sitne
618 3663 633 3712 a
647 3659 857 3715 l'embouchnre
873 3657 908 3712 de
925 3657 952 3712 la
968 3657 1088 3716 Vienne.
1102 3657 1142 3713 Ila
1152 3658 1255 3732 appel-

188 3750 247 3806 lent
265 3749 410 3805 Normand
427 3749 462 3805 de
481 3747 633 3804 Montreuil
649 3744 676 3801 le
692 3747 823 3820 seigneur
842 3756 939 3801 contre
959 3743 1051 3819 lequel
1069 3744 1255 3821 l’erpedition

187 3841 255 3893 etait
275 3838 393 3911 dirigee.
414 3837 493 3892 Nous
513 3852 631 3909 pensons
649 3834 733 3908 qu’au
754 3835 809 3889 lieu
825 3833 861 3888 de
882 3831 1050 3898 lllontreuil,
1074 3831 1096 3888 il
1116 3833 1181 3888 faut
1199 3832 1255 3890 line

189 3926 375 3982 Montrevault
388 3927 449 3998 prbs
461 3923 630 3996 lleaupreau,
645 3931 684 3992 et,
697 3940 733 3976 au
744 3922 800 3977 lieu
812 3921 848 3977 de
861 3919 965 3987 Laude,
977 3919 1082 3986 cande,
1095 3922 1148 3996 qui
1160 3932 1205 3981 eat
1215 3940 1256 3979 en

188 4014 252 4072 ellat
267 4014 293 4069 le
313 4012 437 4069 Condate
454 4014 597 4068 Turonum
614 4009 662 4064 des
676 4008 818 4065 Romaim.
835 4010 888 4065 Cet
903 4011 1066 4064 e'venement
1079 4008 1148 4065 fatal
1159 4010 1257 4066 urin

189 4105 213 4159 le
226 4104 357 4161 vendredi
370 4108 382 4158 l
388 4108 406 4160 8
417 4103 470 4157 mai
484 4102 562 4158 4406.
