2888 4934
187 414 294 490 [1100]
555 407 673 470 araca
694 406 881 471 occutus.
955 418 967 452 v
1208 411 1249 469 ao

186 568 242 617 res
252 566 338 617 suos
349 541 396 615 de
407 540 498 613 saltu
507 543 789 631 manicaverunt,
803 555 839 613 et
847 553 972 612 contra
981 537 1115 610 suturas
1124 540 1250 610 motio·

186 683 270 749 neo,
288 681 379 755 quaa
397 656 588 749 timebant,
613 682 669 731 res
689 681 772 731 suas
793 654 1060 728 ordinaverunt.
1085 654 1251 728 Clientuli

186 775 336 874 quidam
360 788 587 847 cruentatum
611 799 732 870 regem
751 773 881 846 vilibus
902 787 1097 868 utcumque
1121 774 1252 871 pannis

186 905 421 991 operuerunt,
432 904 468 961 et
476 889 585 962 veluti
595 890 751 962 ferocem
759 913 900 988 aprum,
911 885 1096 959 venabulis
1108 887 1250 959 confos-

186 1031 282 1096 sum,
293 1002 341 1076 de
354 1005 446 1077 saltu
460 1003 506 1077 ad
519 1005 647 1078 urbem
657 1008 883 1078 Guentanam
896 1002 1111 1076 detulerunt.
1127 1001 1252 1074 Clerici

186 1135 308 1194 autem
318 1135 354 1193 et
363 1119 532 1193 monachi
545 1135 653 1218 atque
665 1121 772 1210 cives,
787 1120 959 1193 duntaxat
969 1120 1024 1216 (l)
1039 1119 1154 1216 egeni,
1169 1143 1252 1190 curn

188 1235 305 1308 viduis
321 1251 357 1308 et
373 1234 560 1327 mendicis,
580 1235 723 1309 obviarn
736 1251 1001 1336 processerunt,
1019 1250 1054 1307 et
1069 1257 1137 1334 pro
1155 1259 1254 1305 reve·

187 1352 302 1423 rentia
314 1352 418 1448 regiae
431 1351 611 1448 dignitatis
624 1353 662 1424 in
680 1352 791 1425 veteri
802 1352 1019 1425 monasterio
1030 1350 1150 1422 Sancti
1161 1349 1255 1421 Petri

188 1464 351 1539 celeriter
375 1467 642 1540 tumulaverunt
653 1468 720 1565 (2).
740 1473 867 1557 Porro,
886 1467 1114 1541 ecclesiastici
1132 1463 1256 1538 docto

188 1607 245 1657 res
261 1597 300 1656 et
315 1582 469 1682 praelati,
495 1581 679 1656 sordidam
703 1584 780 1680 ejus
797 1585 907 1656 vitam
932 1598 969 1657 et
989 1596 1122 1655 tetrum
1144 1579 1255 1653 finem

188 1697 472 1786 considerantes,
484 1715 569 1772 tunc
578 1699 742 1796 judicare
753 1700 829 1772 ausi
840 1714 937 1789 sunt,
953 1712 989 1770 et
1002 1696 1253 1785 ecclesiastica,

188 1811 300 1885 veluti
312 1811 563 1888 biothanatum
573 1817 642 1912 (3),
656 1815 882 1889 absolutione
896 1814 1087 1910 indignum
1102 1835 1257 1884 censue-

189 2023 228 2080 let
240 2023 334 2082 Greco
347 2026 386 2080 du
400 2026 582 2099 Bar-Empire
598 2052 603 2081 :
620 2024 880 2101 Porphyroge'adtr.
893 2028 943 2082 les
958 2026 1172 2100 Angla-Saxona
1185 2035 1257 2079 atta·

189 2112 304 2170 clraient
323 2133 380 2170 une
397 2115 502 2188 grande
520 2117 693 2190 importaoce
710 2119 725 2170 a
741 2126 814 2171 cette
833 2114 1038 2182 circonstancc,
1060 2114 1143 2189 qu'ila
1161 2131 1257 2185 regar-

189 2200 287 2258 daient
298 2221 408 2261 comme
420 2204 447 2259 le
460 2205 649 2278 complement
661 2204 710 2261 deo
722 2204 813 2260 droite
824 2206 839 2259 l
851 2203 877 2260 la
890 2221 1044 2260 couronne.

224 2293 266 2364 (l)
284 2290 333 2347 Gl.
347 2294 416 2348 iot:
432 2293 634 2350 tantummodo.

223 2381 264 2452 (2)
283 2382 321 2436 le
342 2382 384 2436 roi
402 2380 447 2437 tur
465 2384 577 2438 enterre
592 2406 597 2437 :
614 2380 694 2455 r'asra
712 2382 847 2438 ambitum
868 2384 963 2436 turris.
983 2381 1064 2438 Cette
1088 2379 1201 2453 portion
1223 2378 1259 2433 de

188 2466 310 2527 t’tdtfica
326 2470 460 2526 a'ecroula
476 2471 587 2527 bientot
603 2471 699 2546 aprio,
713 2483 742 2527 et
757 2471 813 2527 l’oo
829 2489 849 2544 y
866 2472 907 2527 vit
923 2489 963 2525 un
981 2469 1060 2544 tigne
1076 2468 1111 2523 de
1126 2466 1152 2522 la
1167 2465 1260 2523 colere
1363 2503 1368 2517 .

191 2555 293 2613 oeleete
308 2569 408 2615 contre
422 2559 473 2616 lui.
492 2559 552 2616 Ello
569 2560 614 2616 sut
631 2560 737 2616 rebltie
754 2577 791 2614 ao
807 2577 908 2632 moyen
928 2558 977 2614 dea
996 2556 1078 2612 londo
1095 2556 1190 2611 laisneo
1207 2572 1259 2627 par

191 2642 316 2720 l‘e'veque
334 2647 499 2705 Waukelin.
516 2649 553 2705 Le
571 2650 669 2704 convoi
686 2667 721 2704 ne
739 2649 782 2702 lut
799 2666 848 2721 pas
864 2649 937 2703 aursi
955 2647 1046 2702 chetis
1056 2664 1111 2721 que
1125 2644 1260 2715 l’indique

192 2742 275 2788 notre
286 2744 388 2790 auteur
402 2759 409 2790 ι
424 2738 575 2792 multorum
587 2755 734 2810 procerum
745 2745 896 2803 conventu,
910 2754 1063 2808 paucorum
1074 2734 1201 2805 planctu.

226 2822 267 2894 (3)
285 2823 326 2879 ea
338 2833 399 2879 mot
415 2835 457 2879 eet
475 2826 534 2898 pria
551 2826 586 2881 ici
603 2825 674 2882 daos
690 2827 717 2882 le
736 2843 799 2881 sena
816 2824 852 2880 de
867 2824 996 2880 criminel
1013 2823 1062 2898 qui
1079 2841 1094 2876 a
1112 2819 1213 2874 merite
1225 2815 1261 2871 de

192 2910 271 2982 perir
282 2910 368 2966 d'une
381 2923 457 2967 mort
468 2913 597 2969 violente.

227 2999 313 3057 Voiei
323 2999 350 3055 le
359 3002 480 3075 portrait
491 3002 527 3057 de
538 3021 570 3058 ce
583 3004 691 3076 prince,
705 3005 781 3058 trace
794 3021 845 3075 par
857 3020 898 3056 un
909 2999 1122 3071 contemporain
1137 3022 1143 3052 z
1158 2998 1191 3053 Sr'
1198 3000 1262 3071 quis

196 3106 259 3145 vero
271 3088 417 3146 desiderat
429 3095 501 3149 ecr're
512 3095 636 3164 corporis
646 3093 706 3164 ejus
716 3093 893 3165 qualitatem,
909 3092 1016 3145 noverit
1030 3086 1193 3161 eumsuisse
1204 3106 1263 3141 cor·

194 3195 260 3247 aare
272 3178 429 3251 quadrato,
443 3180 534 3236 colare
549 3183 615 3252 ruso
620 3223 631 3249 ‚
648 3184 723 3235 crine
735 3179 876 3250 rulfiavo,
881 3179 985 3251 fronte
988 3176 1171 3251 fenestrator
1182 3177 1262 3231 oculo

195 3271 281 3337 varro,
296 3268 466 3342 quibusdam
480 3270 721 3326 intermicantibus
732 3273 820 3344 guttis
837 3267 983 3333 distinct05
995 3270 1138 3340 proecr'prro
1153 3265 1260 3333 robore,

195 3360 322 3430 quamvis
330 3377 388 3412 aare
400 3377 513 3430 magara
522 3368 649 3425 staturae,
659 3367 686 3413 rt
696 3367 791 3413 ventre
798 3358 884 3429 paulo
893 3358 1069 3431 projectiore.
1082 3356 1262 3427 Eloquentiae

197 3447 314 3515 nullius,
328 3446 381 3502 sed
392 3447 544 3503 titubantia
557 3449 662 3520 linguar
676 3447 822 3514 notabilis,
839 3450 961 3502 maxime
975 3465 1038 3500 cum
1050 3447 1093 3498 ira
1106 3461 1264 3497 succresce-

198 3544 238 3590 ret
244 3561 252 3599 ,·
265 3555 324 3590 aon
336 3545 398 3591 erat
409 3539 436 3591 er'
446 3546 556 3591 tantum
571 3536 659 3592 studii
671 3538 716 3593 vel
723 3540 774 3593 otr'r'
786 3548 815 3593 ut
828 3538 938 3592 litterar
950 3552 1073 3608 unquam
1085 3531 1207 3589 audiret.

230 3624 322 3689 Aioai,
332 3625 425 3680 c'e'uit
432 3625 468 3680 de
477 3625 502 3680 la
511 3625 628 3681 couleur
636 3626 671 3681 de
681 3645 731 3682 ton
742 3629 824 3699 teint,
835 3627 898 3700 plue
905 3643 961 3701 quc
969 3624 1004 3679 de
1013 3641 1055 3678 ses
1064 3622 1196 3687 choram,
1206 3639 1263 3694 que

199 3712 342 3783 prorenait
353 3730 404 3767 aon
421 3732 535 3769 surnom
548 3715 584 3770 de
601 3714 913 3772 Guillaume·le-Roa1.
930 3714 953 3769 ll
970 3713 1043 3767 avait
1056 3711 1119 3784 pluo
1136 3709 1172 3764 de
1192 3728 1263 3783 qua-

198 3811 345 3869 notetus,
359 3801 455 3876 quand
463 3801 484 3857 il
493 3814 609 3858 mourut
621 3830 627 3858 r
637 3805 972 3879 majorquadragenarro.
983 3802 1029 3856 Uo
1038 3800 1088 3855 dea
1097 3799 1262 3873 principaux

199 3889 282 3961 grielr
291 3888 327 3945 de
337 3890 362 3945 la
376 3890 539 3962 population
553 3893 790 3965 Anglo-Saxonoe
802 3904 900 3949 contre
910 3912 941 3947 ce
952 3893 1049 3964 prince
1061 3901 1091 3946 et
1103 3899 1201 3943 contre
1212 3905 1263 3941 son

198 3977 278 4048 pete,
292 3979 361 4033 e'tait
374 3977 480 4033 d'aroir
492 3979 600 4036 de'truit
611 3981 660 4036 des
674 3983 772 4056 egliacs
785 3994 813 4037 et
826 3982 875 4036 des
887 3982 1044 4037 cimetiereo
1057 3997 1130 4052 pour
1142 3976 1262 4050 l'agran·

198 4062 351 4121 dirremant
361 4064 397 4121 de
409 4065 485 4121 leurs
497 4068 599 4135 sordts;
613 4088 649 4124 on
666 4071 796 4144 imputait
810 4074 825 4124 a
838 4068 1138 4127 Guillaumele-Roux
1149 4084 1184 4119 eo
1197 4082 1263 4136 par·

199 4153 310 4210 ticulier
329 4164 422 4210 trente
435 4157 626 4229 profanatione
643 4160 678 4214 de
690 4179 721 4214 ce
737 4178 822 4232 genre
838 4184 842 4212 :
863 4160 917 4230 Qar'
932 4178 983 4213 rex
1000 4177 1050 4212 xxx
1063 4157 1219 4210 coemeterr’a
1233 4155 1262 4209 ia
