3256 5048
338 466 378 529 40
612 467 796 532 HISTORIA
820 469 1124 540 EcctustasTmA.
1289 477 1397 557 [1098]

335 603 407 674 citu
419 616 540 688 vestro,
553 600 833 697 infestationibus
842 608 979 678 irretiri
983 609 1170 679 aestimant.
1181 614 1288 681 Nunc
1296 635 1390 708 ergo,

334 717 370 788 si
379 731 523 814 repente
537 717 623 788 illuc
634 721 864 806 accurrimus,
878 719 1017 792 nceohzs
1028 737 1066 793 ct
1076 724 1270 820 municipes
1280 725 1394 821 impo-

335 845 433 904 rums
458 834 685 925 inveniemus,
712 849 750 904 et
776 836 1007 936 municipium
1020 834 1139 933 facile
1153 835 1392 909 obnnehimus.

334 945 468 1018 lovitus
487 948 607 1044 itaque
631 972 692 1019 rex
719 948 879 1047 pluribus
906 975 948 1022 ex
974 952 1108 1042 causis,
1130 952 1394 1051 expeditionem

333 1061 532 1153 inchoavit3
553 1063 635 1156 sed,
658 1065 838 1138 ttodberto
858 1067 1047 1166 instigante
1073 1084 1108 1143 et
1127 1094 1298 1169 prospera
1313 1068 1393 1168 pol·

332 1174 474 1269 licente,
492 1178 648 1270 differre,
663 1204 710 1253 ne
725 1182 875 1279 ignavus
888 1197 1084 1280 putaretur,
1097 1183 1252 1258 erubuit.
1267 1189 1390 1270 Porro,

332 1309 559 1393 perstrepens
580 1320 705 1368 rumor
720 1296 916 1370 adventum
932 1299 1022 1397 regis
1038 1301 1223 1398 praevenit,
1244 1314 1280 1373 et
1295 1300 1395 1399 prin·

332 1408 454 1508 cipalis
467 1409 645 1483 ordinatio
656 1411 903 1509 provinciales,
915 1413 1200 1512 competentibus
1209 1414 1396 1486 armaturis

332 1526 504 1614 munitos,
521 1529 654 1619 ascivit,
670 1552 712 1601 ac
726 1527 771 1600 ad
786 1530 954 1602 transitus
966 1555 1154 1628 aquarum,
1170 1531 1392 1628 sepiumque,

333 1638 566 1740 difficilesque
584 1642 701 1716 aditus
714 1642 888 1716 silvarum
902 1645 939 1716 iu
954 1643 1075 1718 hostes
1088 1645 1279 1744 coaptavit.
1296 1649 1396 1716 Tunc

332 1779 396 1828 rex
412 1757 566 1832 inimicis
583 1757 671 1830 nihil
692 1783 823 1833 nocere
842 1760 981 1858 potuit,
1000 1759 1082 1852 sed,
1100 1783 1250 1833 rancore
1265 1774 1396 1833 stoma·

332 1868 470 1963 chama,
488 1873 641 1946 ferocior
658 1875 696 1945 in
711 1873 790 1947 illos
805 1875 947 1966 exarsit,
966 1889 1002 1948 et
1019 1873 1200 1949 liudberto
1215 1875 1396 1972 ingentem

332 1985 502 2060 lumiliam
517 1987 733 2061 bellatorum
754 1989 828 2061 suis
851 1989 889 2061 in
914 1991 1117 2090 municipiis
1131 1989 1291 2065 adunare
1307 2011 1396 2087 prae·

332 2102 440 2200 cepit,
466 2117 501 2176 et
529 2106 696 2203 copiosos
719 2105 882 2203 pecuniae
906 2121 1070 2205 sumptus
1091 2105 1269 2203 erogavit,
1300 2098 1397 2175 unde

333 2218 528 2317 municipia
547 2218 623 2316 ejus
645 2218 747 2291 vallis
768 2235 805 2291 et
831 2219 942 2291 muris
967 2243 1011 2292 ac
1035 2219 1291 2318 multiplicibus
1313 2215 1397 2289 zetis

334 2333 494 2432 undique
510 2333 774 2425 clauderentur,
793 2350 830 2408 et
849 2333 1028 2408 bellicosis
1046 2334 1143 2432 larga
1163 2329 1397 2432 stipendiariis

333 2445 503 2520 donativa
529 2446 753 2547 largirentur.
783 2448 1016 2522 Belesmensis
1035 2448 1156 2548 itaque
1181 2445 1325 2536 munio,
1350 2443 1397 2516 ad

333 2560 410 2635 baec
425 2580 627 2664 promptus,
642 2564 776 2665 oppida
794 2587 889 2636 nova
900 2563 1076 2656 condidit,
1090 2563 1296 2661 etantiqua,
1307 2583 1394 2660 prae·

333 2679 498 2780 cipitibus
514 2681 614 2753 fossis
632 2682 791 2780 cingens,
813 2680 1011 2753 admodum
1027 2679 1192 2752 firmavit.
1208 2680 1274 2751 Hic
1286 2675 1397 2750 nimi-

333 2819 416 2868 rum
440 2821 573 2870 novem
603 2797 641 2868 in
670 2795 732 2868 illo
760 2798 932 2869 comitatu
958 2795 1085 2868 babuit
1111 2809 1223 2867 castra
1248 2791 1318 2866 :id
1344 2803 1398 2864 est

336 2907 478 2983 Blevam
496 2913 551 3009 (l)
569 2927 604 2984 et
621 2916 800 3002 Paruum,
814 2915 973 2984 Montctn
989 2910 1036 2982 de
1052 2909 1154 2982 Nube
1170 2924 1206 2982 et
1222 2911 1394 2995 Soonam,

334 3026 504 3098 Sanctum
527 3029 726 3126 Remigium
751 3027 797 3100 de
818 3026 936 3098 Planis
954 3041 990 3098 et
1008 3026 1229 3116 Orticosam,
1254 3023 1398 3096 Allerias

334 3153 371 3212 et
394 3141 530 3212 biotam
553 3140 700 3214 Galterii
724 3143 772 3216 de
794 3139 1027 3239 clincampo,
1055 3143 1226 3231 Mamerz,
1252 3155 1288 3212 et
1312 3137 1397 3212 alias

334 3255 463 3330 domos
491 3254 614 3329 firmas
640 3258 935 3357 quamplurimas.
971 3261 1054 3329 Haec
1090 3254 1267 3355 siquidem
1297 3253 1397 3352 regio

333 3395 443 3446 censu
459 3385 604 3471 argutus
619 3373 742 3445 artifex
761 3374 829 3446 sibi
842 3371 969 3446 callide
985 3373 1217 3472 praeparavit,
1238 3384 1274 3445 et
1290 3371 1326 3443 in
1343 3368 1400 3440 bis

367 3683 407 3756 (l)
421 3681 532 3756 blecca,
544 3686 560 3740 t
570 3684 640 3740 trois
654 3683 740 3741 lieues
751 3683 787 3740 de
799 3683 936 3754 Mamers;
950 3683 1044 3752 Perai,
1058 3685 1073 3738 a
1088 3681 1158 3737 trois
1169 3679 1258 3736 lienes
1267 3689 1297 3736 et
1307 3679 1400 3734 demie

333 3770 369 3828 de
384 3771 518 3840 Mamersg
535 3771 791 3830 Mont-da-la·llue
804 3791 854 3829 sur
866 3772 997 3842 Contilli,
1014 3775 1030 3827 a
1048 3789 1102 3826 une
1119 3769 1194 3826 lieue
1207 3779 1236 3825 et
1254 3769 1347 3826 demie
1364 3767 1400 3823 de

334 3861 469 3928 ldamem
484 3859 645 3927 l'Ortiease‚
659 3879 708 3918 sur
718 3862 744 3917 la
755 3879 905 3918 commune
916 3861 955 3916 dn
965 3859 1029 3928 Val,
1040 3861 1056 3915 a
1067 3857 1140 3914 deux
1153 3857 1239 3914 lienes
1251 3857 1287 3912 de
1299 3857 1398 3922 Saone,

332 3960 362 4007 et
373 3952 388 4004 a
401 3948 473 4004 deur
486 3949 572 4005 lieues
586 3960 615 4005 et
628 3950 720 4008 ‹lemie
733 3950 770 4007 de
787 3951 925 4017 Mamers3
942 3943 1285 4012 Salat-Remi-du-l'lain,
1298 3947 1314 4000 l
1327 3943 1400 3999 deur

332 4037 419 4095 lienes
430 4047 459 4093 ct
474 4037 567 4094 demis
585 4035 621 4095 de
639 4039 776 4108 Mamers3
794 4038 926 4108 Allieres,
945 4042 960 4093 a
977 4054 1034 4094 une
1051 4037 1125 4092 lieue
1137 4045 1167 4092 et
1186 4033 1279 4090 demie
1290 4033 1326 4090 de
1339 4035 1400 4088 Με-

333 4143 424 4194 mem
442 4124 468 4180 la
483 4124 945 4201 blatta-Gauticr-de-Clinchamp
963 4142 1012 4180 sur
1027 4123 1161 4182 Chemilli
1180 4120 1297 4192 (Orne),
1312 4123 1328 4177 a
1345 4137 1401 4175 nne

335 4211 407 4270 liene
419 4231 457 4269 un
469 4224 553 4289 quart
566 4214 600 4272 de
614 4214 745 4271 Mamers.
