2888 4934
90 431 198 512 [1127]
413 423 532 486 nunu
549 422 820 486 nuonecruus.
1087 419 1148 484 475

90 566 279 634 Danorum
296 555 408 651 lilius,
430 582 515 630 cum
534 556 715 630 Tesnardo
733 553 948 651 Brothburgi
966 550 1149 651 oppidano

91 692 127 750 et
138 673 378 768 umilitibus,
394 674 441 747 ed
452 673 637 747 ecclesiam
646 673 782 769 Brugis,
795 666 1148 757 utmissamaudiret,

92 800 206 886 venit,
235 797 375 896 ibique,
400 797 488 869 dum
512 820 648 895 pronus
670 797 820 868 interra
838 797 957 866 Deum
973 808 1107 884 oraret,
1129 815 1151 862 a

93 915 298 989 Burchardo
315 915 361 987 de
376 913 508 1004 Insula,
524 913 673 1012 aliisque
689 937 788 984 xxxu
804 907 974 983 militibus
990 932 1152 1007 peremp-

93 1049 150 1107 tus
178 1046 249 1125 est,
282 1046 319 1104 et
347 1054 440 1129 pene
462 1008 588 1103 omnes
612 1031 780 1127 quicum
806 1025 868 1099 illo
892 1040 995 1099 erant
1017 1022 1152 1096 ibidem

93 1146 284 1220 crudeliter
302 1146 411 1218 occbi
429 1159 513 1218 suut
526 1143 594 1242 (t).
616 1143 826 1216 Guillelmus
845 1156 966 1215 autem
985 1139 1031 1212 de
1050 1143 1150 1237 lpro,

94 1277 168 1335 tum
193 1262 290 1360 gravi
317 1260 473 1334 facinore
501 1259 643 1349 audito,
672 1284 756 1330 mox
780 1272 935 1331 castrum
958 1255 1003 1329 de
1031 1254 1154 1349 Brugis

95 1376 235 1450 obsedit
261 1375 337 1473 (2),
365 1391 400 1448 et
429 1374 554 1448 ferales
576 1374 774 1446 homicidas
805 1372 966 1469 undique
991 1369 1151 1460 inclusit,

131 1687 233 1758 (unet
242 1685 442 1760 eponrantable
449 1686 595 1741 assassiuat
604 1685 682 1740 n’eut
689 1685 769 1758 point
775 1682 833 1740 lien
843 1682 870 1739 le
878 1687 924 1752 ⁴⁹¹,
935 1683 1004 1737 mais
1010 1680 1062 1739 leb
1072 1695 1155 1735 mars.

97 1776 136 1832 Le
151 1784 243 1831 comte
259 1784 289 1831 et
306 1774 464 1842 Themard‚
482 1775 621 1831 chitelain
639 1774 675 1830 de
693 1773 874 1847 Bonrbourg,
897 1773 1002 1828 etaient
1017 1770 1085 1826 dans
1100 1786 1157 1823 une

97 1865 212 1921 tribune
222 1866 263 1937 (in
276 1865 389 1936 solario)
399 1863 434 1920 de
444 1862 550 1936 l'eglise
558 1863 790 1921 saint-Donatien
801 1861 836 1917 de
847 1862 963 1935 Bruges,
976 1877 1038 1915 sans
1049 1874 1158 1913 aucune
1196 1861 1198 1864 ’

97 1955 183 2023 snite,
198 1952 368 2028 ngenouille's
384 1952 486 2007 devant
498 1951 592 2007 l’autel
606 1950 642 2007 de
656 1951 847 2007 Nune-Deme
860 1967 899 2005 ou
910 1949 946 2005 de
957 1944 1158 2012 Saint-Basile;

96 2041 124 2098 le
137 2052 229 2098 comte
244 2060 280 2098 en
293 2042 362 2097 suit
377 2060 413 2097 au
427 2042 582 2117 quatrierne
597 2041 646 2097 des
659 2058 786 2115 psaumes
799 2040 835 2095 de
847 2039 873 2094 la
886 2040 1047 2114 penitense,
1064 2032 1160 2111 quand

97 2131 138 2186 les
151 2130 331 2202 meurtriers,
343 2148 379 2185 au
391 2130 509 2185 nombre
521 2128 557 2186 de
569 2139 630 2203 sept
643 2147 681 2184 on
696 2128 762 2184 huit
776 2127 942 2196 seulement,
957 2146 1010 2182 sex
1022 2123 1078 2181 sthi
1092 2141 1160 2196 spa·
1188 2149 1192 2155 ·

100 2219 243 2276 thuriis...
259 2218 415 2293 adjunctis,
433 2219 544 2274 rinrent
559 2218 599 2274 les
615 2221 745 2292 egorger.
765 2217 805 2273 Ce
820 2217 915 2273 futen
931 2215 998 2273 eBet
1012 2211 1161 2270 Bnrcbard

99 2309 163 2384 qui,
177 2310 257 2382 apres
266 2309 343 2363 avoir
354 2308 457 2364 tcucbe
469 2306 641 2380 legerement
653 2306 679 2361 le
689 2317 781 2362 comte
790 2324 864 2380 pour
874 2305 914 2361 lui
926 2306 996 2361 faire
1007 2300 1161 2360 tournerla

99 2396 171 2466 tete,
185 2397 226 2451 lui
240 2407 321 2470 porta
334 2415 372 2451 un
390 2414 463 2469 conp
475 2397 497 2451 si
513 2395 618 2450 violent
633 2413 689 2470 que
706 2394 732 2450 la
749 2394 864 2451 cervelle
879 2394 963 2468 jaillit
979 2413 1028 2450 sur
1044 2393 1070 2448 le
1082 2393 1162 2466 pare.

100 2484 151 2540 Les
162 2486 292 2541 assumins
303 2495 456 2541 coururent
464 2487 480 2540 t
489 2483 664 2541 l’habitation
674 2484 709 2541 de
721 2484 865 2540 Tbe'mard
878 2503 950 2558 pour
961 2494 1025 2540 tuer
1034 2499 1078 2537 ses
1090 2479 1163 2533 deux

101 2573 143 2628 fils
157 2597 164 2628 ε
178 2574 297 2631 Gantier
313 2584 343 2630 et
357 2574 514 2643 Gislebert;
532 2575 611 2648 puis,
630 2584 786 2647 apprenant
800 2592 856 2648 qne
871 2570 1016 2628 Theman-d
1034 2567 1164 2641 respirait

100 2679 216 2734 encore,
228 2673 257 2718 et
273 2663 341 2737 qu’il
354 2662 425 2718 avait
437 2662 528 2718 meme
542 2681 581 2735 pu
596 2663 720 2717 recevoir
733 2661 773 2717 les
787 2660 915 2715 derniers
931 2667 1113 2725 sacremente,
1130 2655 1164 2711 ils

101 2750 243 2804 rerinrent
255 2752 271 2803 t
282 2750 323 2804 lui
337 2767 402 2804 avec
416 2767 470 2804 une
484 2748 611 2803 nouvelle
624 2748 710 2816 furie,
725 2757 769 2816 et,
782 2748 809 2803 le
823 2747 946 2802 trainant
958 2766 1008 2820 par
1020 2746 1059 2801 les
1069 2743 1163 2819 pieds,

101 2837 142 2891 lui
155 2837 293 2892 briserent
304 2836 331 2890 la
346 2835 402 2892 tete
413 2855 449 2891 en
461 2834 631 2891 descendant
642 2835 680 2891 les
694 2835 821 2890 marshes
834 2834 874 2890 dn
887 2833 998 2907 portail.

138 2923 176 2980 Le
188 2935 279 2980 comte
290 2923 407 2980 Cbarles
418 2933 461 2979 est
472 2922 581 2979 bonore
591 2921 659 2978 d'nn
671 2924 745 2979 culte
757 2921 852 2996 public
863 2921 891 2978 le
900 2923 967 2995 jour
979 2921 1014 2977 de
1026 2938 1055 2975 sa
1067 2927 1152 2974 mort.

138 3011 185 3067 Un
204 3010 247 3066 fils
264 3011 300 3067 de
317 3010 474 3080 Themard,
493 3015 606 3067 nomme
624 3011 728 3081 ilenti,
747 3012 871 3085 echnppa
886 3029 922 3066 nu
938 3027 1073 3065 messuere
1088 3006 1123 3062 de
1137 3023 1166 3061 aa

103 3099 222 3167 familie,
235 3109 263 3154 et
275 3101 377 3173 epousa
389 3099 452 3172 plus
463 3097 525 3155 tard
536 3099 646 3172 Sibyle,
659 3102 846 3173 nuncupative
857 3099 975 3167 Rosam,
992 3095 1093 3151 lilledo
1107 3094 1168 3149 Ma·

104 3186 210 3255 nasses,
228 3198 320 3243 comte
336 3185 372 3240 de
385 3184 505 3241 Gnines.
524 3184 608 3243 voitu
620 3204 722 3242 encore
738 3204 794 3242 une
809 3186 891 3241 dame
904 3202 1029 3259 pourvue
1043 3183 1079 3238 de
1093 3181 1168 3236 deux

104 3291 184 3328 noms
197 3272 263 3329 bien
276 3273 417 3342 distincte,
432 3292 541 3329 comme
554 3275 581 3328 la
596 3275 674 3330 reine
686 3272 837 3343 Mathilde,
856 3273 960 3330 semme
973 3271 1009 3328 de
1020 3271 1109 3326 Henri
1121 3270 1166 3324 1⁶.

140 3360 306 3434 Bourbourg
318 3361 388 3417 etait
399 3361 471 3416 alors
482 3379 537 3417 une
546 3360 624 3434 place
636 3362 821 3435 importante,
834 3372 863 3417 et
875 3357 1167 3430 lichen-ledemscly·

105 3448 204 3503 mitain
222 3451 326 3523 portait
341 3448 368 3505 le
379 3450 448 3505 titre
460 3449 495 3505 de
509 3460 601 3505 comte
612 3449 648 3506 de
660 3451 825 3524 Bourbonrg
837 3450 962 3524 pendant
974 3448 1014 3505 les
1026 3448 1169 3502 dernieres

105 3540 207 3592 annees
217 3539 253 3593 de
265 3539 290 3594 la
303 3540 346 3595 vie
357 3539 393 3594 de
405 3539 686 3615 Bobert-le·Frison,
699 3559 749 3597 son
761 3543 840 3615 pere.

141 3629 193 3682 les
204 3628 352 3701 complices
359 3628 395 3683 de
406 3629 552 3685 Burebnrd
561 3632 772 3704 appartensient
781 3648 901 3705 presque
909 3640 983 3701 tons,
995 3645 1104 3684 comme
1116 3626 1167 3693 lui,

106 3714 166 3770 'ale
186 3714 289 3770 familie
308 3715 344 3771 de
363 3715 501 3785 Bertulle,
523 3735 574 3772 son
594 3718 689 3787 oncle,
713 3719 811 3792 prerbt
826 3717 862 3774 de
882 3717 1114 3774 saint-Donatien
1133 3713 1170 3768 de

106 3804 229 3876 Bruges,
247 3804 472 3877 archichapelain
488 3815 518 3861 et
535 3805 693 3862 chancelier
708 3806 744 3862 de
757 3805 892 3874 Flandre,
911 3807 1075 3879 instigateur
1088 3801 1124 3857 de
1137 3819 1169 3855 ce

107 3900 279 3964 guet-apens.
291 3892 430 3948 e‘ttaient
441 3917 447 3946 :
457 3893 584 3961 Gneln'c‚
597 3895 670 3950 frere
679 3894 715 3950 de
723 3895 860 3964 Bertulfe,
871 3895 993 3963 Robert,
1003 3911 1053 3947 son
1067 3906 1168 3956 neven,

107 3980 247 4047 Wautier,
262 3998 312 4034 son
322 3992 402 4036 autre
411 3999 509 4051 neven,
522 3982 684 4039 Guillaume
696 3984 733 4040 de
741 3985 882 4053 Verriers,
896 3986 999 4058 Ingrau
1011 3981 1167 4045 Esmensis,

107 4068 196 4134 Isaac,
210 4086 260 4123 son
274 4069 385 4135 cousin,
400 4070 504 4139 Habet,
520 4071 658 4128 cbitclaiu
672 4073 707 4129 de
720 4075 842 4147 Bruges,
856 4085 886 4129 et
897 4082 1001 4128 autres.

142 4157 181 4225 (2)
195 4156 356 4212 Guillaume
366 4156 459 4231 d'lpre
470 4160 536 4216 etait
552 4178 589 4214 un
603 4159 645 4216 lils
657 4161 766 4218 naturel
775 4161 811 4218 de
820 4159 961 4234 Philippe,
972 4157 1074 4215 second
1083 4156 1125 4213 fils
1134 4156 1170 4211 de
