2888 4934
197 395 237 452 00
468 394 654 456 HISTORIA
676 393 982 456 EchEsltsttct.
1146 399 1254 476 [4100]

195 539 296 616 runt,
318 549 426 623 quem
447 525 568 598 vitales
591 551 694 598 auras
718 540 923 624 carpentem
946 524 1133 598 salubriter
1155 551 1255 599 ane·

195 639 314 738 quitiis
330 641 499 739 castigare
521 642 770 739 nequiverunt.
790 642 896 738 Signa
920 642 1027 713 etiam
1047 665 1115 739 pro
1136 640 1199 712 illo
1216 643 1252 712 in

194 756 407 854 quibusdam
432 758 586 830 ecclesiis
603 783 677 829 non
698 773 914 849 sonnemnt,
935 783 1014 856 quae
1036 783 1103 856 pro
1123 757 1255 831 infimis

193 872 410 970 pauperibus
441 888 476 945 et
501 874 716 946 mulierculis
741 873 868 946 crebro
896 873 1092 946 diutissime
1116 873 1255 973 pulsata

193 1006 288 1062 sunt.
311 995 364 1062 De
381 992 514 1089 ingenti
531 993 668 1080 serario,
683 990 744 1062 ubi
758 991 877 1091 plures
891 1015 1123 1062 nummorum
1136 992 1254 1062 acervi

193 1103 239 1177 de
251 1104 434 1179 laboribus
443 1109 654 1179 miserorum
666 1109 821 1205 congesti
834 1122 928 1195 sunt,
943 1104 1176 1202 eleemosynae
1185 1129 1252 1204 pro

192 1222 311 1299 anima
328 1223 450 1322 cupidi
462 1223 645 1321 quondam
658 1225 871 1321 possessoris
881 1221 986 1294 nullae
995 1222 1164 1321 inopibus
1178 1247 1254 1295 ero·

192 1353 280 1434 gatae
293 1353 388 1410 sunt.
408 1340 635 1440 stipendiarii
644 1366 730 1413 vero
743 1341 870 1413 milites
885 1356 920 1413 et
933 1338 1131 1411 nebulones
1142 1339 1197 1437 (l)
1211 1363 1252 1412 ac

191 1453 350 1551 vulgaria
361 1471 478 1528 scorta
490 1472 642 1554 quaestus
654 1480 738 1529 suos
752 1458 788 1527 in
804 1480 931 1528 occasu
947 1456 1078 1528 moecbi
1092 1455 1255 1554 (2)prin·

192 1571 280 1670 cipis
299 1572 550 1670 perdiderunt,
570 1573 716 1670 ejusque
737 1571 974 1644 miserabilem
996 1570 1155 1659 obitum,
1175 1593 1252 1641 non

191 1701 265 1759 tam
277 1690 499 1788 propietate,
517 1714 627 1786 quam
638 1714 704 1787 pro
717 1686 915 1760 detestabili
929 1688 1143 1785 flagitiorum
1157 1684 1254 1782 cupi·

191 1801 312 1894 ditate,
323 1803 553 1901 planxerunt,
569 1804 862 1901 Gualteriumque
872 1802 1039 1873 Tirellum
1050 1802 1120 1898 (3),
1137 1815 1175 1871 ut
1184 1824 1253 1899 pro

191 1918 292 2017 lapsu
306 1921 361 1990 sui
375 1920 571 1992 defensoris
586 1919 811 1992 membratim
824 1919 1078 2016 discerperent,
1094 1939 1254 1987 summo·

190 2059 275 2133 pere
293 2035 521 2130 quaesierunt.
548 2040 673 2124 Porro,
696 2034 768 2125 ille,
796 2047 999 2133 perpetrato
1018 2032 1187 2121 facinore,
1207 2027 1255 2101 ad

190 2162 504 2248 pontompropere
519 2150 575 2246 (4)
589 2149 765 2247 consugi13
781 2148 978 2248 pelagoque
993 2147 1159 2234 transito,
1172 2169 1253 2214 mu·

190 2471 297 2524 pascua
309 2453 446 2527 ferarum
469 2454 587 2527 redegit.
616 2455 776 2527 Stephanus
798 2454 998 2524 birchington,
1030 2453 1104 2506 Vttae
1128 2449 1253 2519 arclriep.

194 2545 327 2599 Cartluar.

225 2634 263 2705 (l)
282 2633 331 2690 Gl.
347 2635 395 2688 int.
411 2658 416 2687 :
432 2635 575 2688 lecatorcs⁸

225 2725 263 2793 (24
281 2721 329 2778 Gl.
344 2722 395 2778 int.
409 2745 414 2775 :
430 2721 571 2776 adulterii.

224 2813 264 2884 (3)
281 2811 402 2868 Gautier
414 2811 502 2877 Tirel,
515 2811 657 2867 troisieme
669 2811 707 2864 du
718 2827 794 2877 norn,
808 2819 837 2864 et
848 2827 905 2864 non
914 2826 962 2880 pas
975 2807 1131 2872 deuxieme,
1146 2822 1256 2860 comum

190 2900 210 2954 il
227 2909 268 2952 est
284 2897 326 2954 dit
344 2899 412 2954 dans
425 2899 567 2955 l’Histoire
585 2899 788 2972 ge'ne'alogs'que
805 2897 844 2951 du
861 2898 930 2951 Pere
944 2895 1085 2951 Anselme.
1100 2895 1140 2949 Ce
1153 2911 1189 2947 ne
1201 2891 1257 2946 dut

190 2986 249 3040 etro
263 2987 391 3059 qu‘apres
404 2987 429 3041 la
443 2986 586 3041 fondation
600 3006 651 3060 par
662 2986 703 3039 lui
718 2985 753 3039 de
766 2984 889 3057 l’abbaye
898 2985 933 3039 de
942 2984 1111 3047 Selincourt,
1124 3000 1160 3036 cn
1172 2984 1253 3044 4434.

190 3073 338 3150 (10443043
350 3092 386 3143 pn
400 3073 467 3129 aller
481 3076 589 3130 mourir
602 3074 652 3129 ala
664 3074 875 3128 Terre-Salute.
889 3072 912 3126 ll
924 3072 1007 3126 londa
1017 3072 1090 3125 aussi
1104 3070 1129 3125 le
1141 3070 1256 3142 prieure

190 3161 224 3215 de
238 3162 419 3216 saint-Denis
433 3164 468 3217 dc
482 3166 558 3218 Poix.
578 3165 618 3219 Ce
636 3181 810 3237 personnage
825 3163 945 3217 habitait
962 3161 988 3215 le
1006 3161 1098 3216 Vexin
1115 3177 1151 3213 cn
1168 3161 1254 3223 4094,

189 3253 298 3324 epoque
311 3253 348 3305 ou
361 3253 379 3304 il
393 3252 482 3323 figure
497 3271 605 3306 comme
618 3255 723 3308 temolo
736 3252 773 3305 du
788 3252 830 3305 roi
844 3250 977 3322 Philippe
992 3251 1025 3302 l“
1038 3249 1107 3303 dans
1119 3247 1145 3301 la
1157 3247 1255 3301 charte

189 3339 224 3391 de
237 3338 372 3392 donation
387 3339 422 3393 de
439 3339 563 3412 l'abbaye
580 3341 615 3395 de
632 3338 815 3397 saint-Melon
832 3337 867 3392 de
886 3339 1046 3393 Pontoisea
1063 3335 1256 3409 l’arcbeveque

189 3429 223 3484 de
236 3428 346 3483 Rouen.
363 3429 386 3482 ll
400 3447 434 3483 ne
451 3429 510 3483 saut
526 3447 574 3501 pas
591 3430 731 3484 s’etonner
745 3428 781 3483 de
794 3427 834 3481 lui
847 3427 907 3480 voir
920 3445 958 3480 un
972 3425 1036 3499 pied
1051 3429 1065 3479 a
1078 3425 1212 3481 Pontoise
1226 3433 1256 3478 et

188 3517 286 3571 l’autre
300 3536 336 3571 en
349 3516 493 3572 Picardie:
509 3517 566 3571 cela
580 3520 693 3572 tcnaita
707 3537 739 3572 ce
752 3534 808 3590 que
820 3515 859 3570 les
871 3526 976 3570 comtes
988 3514 1133 3568 d’Arniens
1145 3511 1256 3565 avaient

188 3608 233 3660 ete
245 3625 279 3658 cn
293 3606 384 3659 meme
397 3616 488 3679 temps
503 3616 607 3659 comtos
622 3604 657 3658 dc
670 3606 799 3659 Pontoisc
810 3616 839 3658 et
850 3603 889 3658 du
903 3603 995 3657 Vexiu
1007 3604 1030 3657 F
1031 3603 1147 3674 raucais.
1159 3601 1255 3672 Voycz

188 3711 219 3746 ce
232 3710 288 3766 que
301 3710 372 3750 nous
385 3712 418 3746 cn
436 3712 518 3748 avons
532 3693 575 3747 dit
587 3691 739 3758 ci-dessus,
753 3703 775 3748 t.
790 3693 833 3757 ll,
850 3712 874 3763 p.
889 3694 949 3749 259.

223 3782 348 3836 Richard
368 3782 493 3850 (hilerd,
513 3785 578 3855 ptre
593 3782 627 3835 de
645 3799 672 3833 sa
687 3780 804 3846 semme,
821 3782 889 3834 etait
901 3777 1113 3852 probablemeut
1126 3777 1201 3831 scere
1217 3775 1254 3830 de

187 3869 308 3924 Gautier
320 3869 444 3936 ciffum,
461 3880 552 3923 cotntc
564 3869 600 3923 de
614 3867 817 3940 buchingham.

224 3960 328 4029 Hugue
343 3958 430 4023 Tirel,
444 3958 485 4011 lils
494 3957 529 4011 de
543 3957 664 4012 Gaulicr
674 3957 717 4009 Ill
729 3966 757 4010 et
769 3953 925 4021 d’Adettde,
937 3952 987 4007 alla
999 3955 1071 4007 atrssi
1083 3955 1097 4006 ὲ
1111 3951 1136 4005 la
1149 3951 1253 4005 Terre·

190 4048 284 4100 Salute
296 4067 330 4100 en
344 4049 424 4102 ttlt.

226 4138 263 4205 (l)
282 4135 329 4190 Gl,
345 4137 394 4189 int.
410 4161 415 4187 ε
432 4139 485 4189 cito
501 4155 548 4188 seu
562 4135 657 4188 veloci.
