<?xml version="1.0" encoding="UTF-8"?>
<!DOCTYPE html PUBLIC "-//W3C//DTD XHTML 1.0 Transitional//EN"
    "http://www.w3.org/TR/xhtml1/DTD/xhtml1-transitional.dtd">
<html xmlns="http://www.w3.org/1999/xhtml" xml:lang="en" lang="en">
 <head>
  <title>
</title>
<meta http-equiv="Content-Type" content="text/html;charset=utf-8" />
  <meta name='ocr-system' content='tesseract 3.04.00' />
  <meta name='ocr-capabilities' content='ocr_page ocr_carea ocr_par ocr_line ocrx_word'/>
</head>
<body>
  <div class='ocr_page' id='page_1' title='image "./ordericivitalis07deligoog/ordericivitalis07deligoog_0184.png"; bbox 0 0 2888 4934; ppageno 0'>
   <div class='ocr_carea' id='block_1_1' title="bbox 196 411 1248 495">
    <p class='ocr_par' dir='ltr' id='par_1_1' title="bbox 196 411 1248 495">
     <span class='ocr_line' id='line_1_1' title="bbox 196 411 1248 495; baseline 0.002 -21"><span class='ocrx_word' id='word_1_1' title='bbox 196 416 302 493; x_wconf 80' lang='lat' dir='ltr'><strong>[noa]</strong></span> <span class='ocrx_word' id='word_1_2' title='bbox 524 411 915 495; x_wconf 14' lang='lat' dir='ltr'><strong>*uraauuunucruus</strong></span> <span class='ocrx_word' id='word_1_3' title='bbox 1195 419 1248 477; x_wconf 83' lang='lat'><strong>1⁷1</strong></span> 
     </span>
    </p>
   </div>
   <div class='ocr_carea' id='block_1_2' title="bbox 187 533 1299 2489">
    <p class='ocr_par' dir='ltr' id='par_1_2' title="bbox 187 533 1299 2489">
     <span class='ocr_line' id='line_1_2' title="bbox 196 533 1256 635; baseline 0.001 -25"><span class='ocrx_word' id='word_1_4' title='bbox 196 536 329 610; x_wconf 74' lang='lat' dir='ltr'><strong>viribus</strong></span> <span class='ocrx_word' id='word_1_5' title='bbox 355 533 554 607; x_wconf 82' lang='lat' dir='ltr'><strong>auxiliarios</strong></span> <span class='ocrx_word' id='word_1_6' title='bbox 580 534 709 607; x_wconf 86' lang='lat' dir='ltr'><strong>frustra</strong></span> <span class='ocrx_word' id='word_1_7' title='bbox 735 535 925 633; x_wconf 88' lang='lat' dir='ltr'><strong>quaerebat.</strong></span> <span class='ocrx_word' id='word_1_8' title='bbox 952 537 1108 611; x_wconf 81' lang='lat' dir='ltr'><strong>Audiens</strong></span> <span class='ocrx_word' id='word_1_9' title='bbox 1135 539 1256 635; x_wconf 86' lang='lat' dir='ltr'><strong>itaque</strong></span> 
     </span>
     <span class='ocr_line' id='line_1_3' title="bbox 195 651 1255 752; baseline 0.001 -26"><span class='ocrx_word' id='word_1_10' title='bbox 195 652 433 728; x_wconf 85' lang='lat' dir='ltr'><strong>desectionem</strong></span> <span class='ocrx_word' id='word_1_11' title='bbox 459 673 628 742; x_wconf 85' lang='lat' dir='ltr'><strong>suorum,</strong></span> <span class='ocrx_word' id='word_1_12' title='bbox 656 651 847 749; x_wconf 85' lang='lat' dir='ltr'>ingemuit,</span> <span class='ocrx_word' id='word_1_13' title='bbox 875 675 1008 749; x_wconf 84' lang='lat' dir='ltr'><strong>eosque</strong></span> <span class='ocrx_word' id='word_1_14' title='bbox 1032 677 1053 725; x_wconf 87' lang='lat' dir='ltr'><strong>a</strong></span> <span class='ocrx_word' id='word_1_15' title='bbox 1080 654 1255 752; x_wconf 89' lang='lat' dir='ltr'><strong>promissa</strong></span> 
     </span>
     <span class='ocr_line' id='line_1_4' title="bbox 194 749 1255 871; baseline 0.004 -30"><span class='ocrx_word' id='word_1_16' title='bbox 194 765 283 859; x_wconf 82' lang='lat' dir='ltr'><strong>tide,</strong></span> <span class='ocrx_word' id='word_1_17' title='bbox 301 769 387 866; x_wconf 88' lang='lat' dir='ltr'><strong>quia</strong></span> <span class='ocrx_word' id='word_1_18' title='bbox 406 768 524 866; x_wconf 88' lang='lat' dir='ltr'><strong>impos</strong></span> <span class='ocrx_word' id='word_1_19' title='bbox 538 768 817 863; x_wconf 73' lang='lat' dir='ltr'><strong>entadjurorii‚</strong></span> <span class='ocrx_word' id='word_1_20' title='bbox 839 749 1007 858; x_wconf 79' lang='lat' dir='ltr'><strong>absolvit,</strong></span> <span class='ocrx_word' id='word_1_21' title='bbox 1029 771 1255 871; x_wconf 90' lang='lat' dir='ltr'><strong>multumque</strong></span> 
     </span>
     <span class='ocr_line' id='line_1_5' title="bbox 194 882 1251 985; baseline 0.003 -28"><span class='ocrx_word' id='word_1_22' title='bbox 194 908 349 959; x_wconf 81' lang='lat' dir='ltr'><strong>moercns</strong></span> <span class='ocrx_word' id='word_1_23' title='bbox 369 882 549 961; x_wconf 87' lang='lat' dir='ltr'><strong>licentiam</strong></span> <span class='ocrx_word' id='word_1_24' title='bbox 575 884 822 963; x_wconf 78' lang='lat' dir='ltr'><strong>concordandi</strong></span> <span class='ocrx_word' id='word_1_25' title='bbox 848 911 933 959; x_wconf 91' lang='lat' dir='ltr'><strong>cum</strong></span> <span class='ocrx_word' id='word_1_26' title='bbox 947 910 1038 985; x_wconf 17' lang='lat' dir='ltr'><strong>*rege</strong></span> <span class='ocrx_word' id='word_1_27' title='bbox 1064 889 1251 960; x_wconf 83' lang='lat' dir='ltr'><strong>concessit.</strong></span> 
     </span>
     <span class='ocr_line' id='line_1_6' title="bbox 187 996 1256 1098; baseline 0.001 -25"><span class='ocrx_word' id='word_1_28' title='bbox 187 996 438 1077; x_wconf 74' lang='lat' dir='ltr'><strong>&#39;todeunttbus</strong></span> <span class='ocrx_word' id='word_1_29' title='bbox 452 999 585 1097; x_wconf 87' lang='lat' dir='ltr'><strong>legatis,</strong></span> <span class='ocrx_word' id='word_1_30' title='bbox 603 999 672 1073; x_wconf 79' lang='lat' dir='ltr'><strong>laeti</strong></span> <span class='ocrx_word' id='word_1_31' title='bbox 685 1001 875 1073; x_wconf 79' lang='lat' dir='ltr'><strong>muniones</strong></span> <span class='ocrx_word' id='word_1_32' title='bbox 885 1015 1040 1075; x_wconf 85' lang='lat' dir='ltr'><strong>castrum</strong></span> <span class='ocrx_word' id='word_1_33' title='bbox 1051 1002 1125 1098; x_wconf 90' lang='lat' dir='ltr'><strong>regi</strong></span> <span class='ocrx_word' id='word_1_34' title='bbox 1137 1001 1256 1074; x_wconf 91' lang='lat' dir='ltr'><strong>reddi·</strong></span> 
     </span>
     <span class='ocr_line' id='line_1_7' title="bbox 193 1113 1254 1216; baseline 0.003 -29"><span class='ocrx_word' id='word_1_35' title='bbox 193 1113 338 1204; x_wconf 86' lang='lat' dir='ltr'><strong>derunt,</strong></span> <span class='ocrx_word' id='word_1_36' title='bbox 354 1129 390 1190; x_wconf 93' lang='lat' dir='ltr'><strong>et</strong></span> <span class='ocrx_word' id='word_1_37' title='bbox 400 1114 658 1213; x_wconf 85' lang='lat' dir='ltr'><strong>benignitcrab</strong></span> <span class='ocrx_word' id='word_1_38' title='bbox 672 1139 717 1188; x_wconf 93' lang='lat' dir='ltr'><strong>eo</strong></span> <span class='ocrx_word' id='word_1_39' title='bbox 727 1120 896 1216; x_wconf 87' lang='lat' dir='ltr'><strong>suscepti,</strong></span> <span class='ocrx_word' id='word_1_40' title='bbox 912 1116 1032 1189; x_wconf 92' lang='lat' dir='ltr'><strong>multis</strong></span> <span class='ocrx_word' id='word_1_41' title='bbox 1045 1115 1254 1190; x_wconf 91' lang='lat' dir='ltr'><strong>muneribus</strong></span> 
     </span>
     <span class='ocr_line' id='line_1_8' title="bbox 192 1228 1255 1330; baseline 0.002 -27"><span class='ocrx_word' id='word_1_42' title='bbox 192 1228 362 1303; x_wconf 83' lang='lat' dir='ltr'><strong>honorati</strong></span> <span class='ocrx_word' id='word_1_43' title='bbox 376 1246 473 1303; x_wconf 88' lang='lat' dir='ltr'><strong>sunt.</strong></span> <span class='ocrx_word' id='word_1_44' title='bbox 493 1231 597 1305; x_wconf 88' lang='lat' dir='ltr'><strong>Unde</strong></span> <span class='ocrx_word' id='word_1_45' title='bbox 611 1255 673 1305; x_wconf 85' lang='lat' dir='ltr'><strong>rex</strong></span> <span class='ocrx_word' id='word_1_46' title='bbox 685 1231 732 1303; x_wconf 92' lang='lat' dir='ltr'><strong>ad</strong></span> <span class='ocrx_word' id='word_1_47' title='bbox 745 1231 882 1304; x_wconf 90' lang='lat' dir='ltr'><strong>Blidam</strong></span> <span class='ocrx_word' id='word_1_48' title='bbox 897 1232 952 1328; x_wconf 84' lang='lat' dir='ltr'><strong>(t)</strong></span> <span class='ocrx_word' id='word_1_49' title='bbox 967 1247 1136 1322; x_wconf 83' lang='lat' dir='ltr'><strong>castrum,</strong></span> <span class='ocrx_word' id='word_1_50' title='bbox 1154 1233 1255 1330; x_wconf 93' lang='lat' dir='ltr'><strong>quod</strong></span> 
     </span>
     <span class='ocr_line' id='line_1_9' title="bbox 192 1346 1253 1448; baseline 0.003 -28"><span class='ocrx_word' id='word_1_51' title='bbox 192 1347 334 1444; x_wconf 76' lang='lat' dir='ltr'><strong>llogcrii</strong></span> <span class='ocrx_word' id='word_1_52' title='bbox 354 1346 401 1421; x_wconf 92' lang='lat' dir='ltr'><strong>de</strong></span> <span class='ocrx_word' id='word_1_53' title='bbox 419 1346 584 1423; x_wconf 89' lang='lat' dir='ltr'><strong>Buthleio</strong></span> <span class='ocrx_word' id='word_1_54' title='bbox 600 1348 788 1446; x_wconf 91' lang='lat' dir='ltr'><strong>quondam</strong></span> <span class='ocrx_word' id='word_1_55' title='bbox 804 1349 935 1438; x_wconf 83' lang='lat' dir='ltr'><strong>suerat,</strong></span> <span class='ocrx_word' id='word_1_56' title='bbox 955 1350 1150 1425; x_wconf 83' lang='lat' dir='ltr'><strong>exercitum</strong></span> <span class='ocrx_word' id='word_1_57' title='bbox 1168 1376 1253 1448; x_wconf 93' lang='lat' dir='ltr'><strong>pro·</strong></span> 
     </span>
     <span class='ocr_line' id='line_1_10' title="bbox 192 1462 1299 1564; baseline 0.005 -29"><span class='ocrx_word' id='word_1_58' title='bbox 192 1462 319 1539; x_wconf 79' lang='lat' dir='ltr'><strong>movit.</strong></span> <span class='ocrx_word' id='word_1_59' title='bbox 337 1463 404 1539; x_wconf 87' lang='lat' dir='ltr'><strong>cui</strong></span> <span class='ocrx_word' id='word_1_60' title='bbox 415 1489 499 1537; x_wconf 85' lang='lat' dir='ltr'><strong>mox</strong></span> <span class='ocrx_word' id='word_1_61' title='bbox 513 1463 710 1561; x_wconf 77' lang='lat' dir='ltr'><strong>gaudentes</strong></span> <span class='ocrx_word' id='word_1_62' title='bbox 722 1464 895 1564; x_wconf 77' lang='lat' dir='ltr'><strong>oppidani</strong></span> <span class='ocrx_word' id='word_1_63' title='bbox 910 1464 1055 1539; x_wconf 86' lang='lat' dir='ltr'><strong>obviam</strong></span> <span class='ocrx_word' id='word_1_64' title='bbox 1071 1490 1254 1564; x_wconf 87' lang='lat' dir='ltr'><strong>processe·</strong></span> <span class='ocrx_word' id='word_1_65' title='bbox 1293 1543 1299 1556; x_wconf 69' lang='lat'>‚</span> 
     </span>
     <span class='ocr_line' id='line_1_11' title="bbox 191 1578 1254 1677; baseline 0 -24"><span class='ocrx_word' id='word_1_66' title='bbox 191 1592 295 1669; x_wconf 81' lang='lat' dir='ltr'><strong>utut,</strong></span> <span class='ocrx_word' id='word_1_67' title='bbox 323 1579 512 1677; x_wconf 86' lang='lat' dir='ltr'><strong>ipsumque</strong></span> <span class='ocrx_word' id='word_1_68' title='bbox 536 1578 736 1654; x_wconf 81' lang='lat' dir='ltr'><strong>naturalem</strong></span> <span class='ocrx_word' id='word_1_69' title='bbox 761 1581 952 1653; x_wconf 90' lang='lat' dir='ltr'><strong>dominum</strong></span> <span class='ocrx_word' id='word_1_70' title='bbox 971 1581 1140 1671; x_wconf 81' lang='lat' dir='ltr'><strong>latentes,</strong></span> <span class='ocrx_word' id='word_1_71' title='bbox 1170 1606 1254 1653; x_wconf 92' lang='lat' dir='ltr'><strong>cum</strong></span> 
     </span>
     <span class='ocr_line' id='line_1_12' title="bbox 192 1690 1255 1795; baseline 0 -29"><span class='ocrx_word' id='word_1_72' title='bbox 192 1690 324 1787; x_wconf 69' lang='lat' dir='ltr'><strong>gaudio</strong></span> <span class='ocrx_word' id='word_1_73' title='bbox 341 1709 585 1794; x_wconf 84' lang='lat' dir='ltr'><strong>susceperunt.</strong></span> <span class='ocrx_word' id='word_1_74' title='bbox 606 1696 669 1767; x_wconf 87' lang='lat' dir='ltr'><strong>His</strong></span> <span class='ocrx_word' id='word_1_75' title='bbox 688 1697 735 1769; x_wconf 87' lang='lat' dir='ltr'><strong>ita</strong></span> <span class='ocrx_word' id='word_1_76' title='bbox 751 1696 922 1794; x_wconf 77' lang='lat' dir='ltr'><strong>peractis,</strong></span> <span class='ocrx_word' id='word_1_77' title='bbox 939 1720 1001 1767; x_wconf 82' lang='lat' dir='ltr'><strong>rex</strong></span> <span class='ocrx_word' id='word_1_78' title='bbox 1018 1695 1175 1795; x_wconf 86' lang='lat' dir='ltr'><strong>populos</strong></span> <span class='ocrx_word' id='word_1_79' title='bbox 1192 1720 1255 1794; x_wconf 85' lang='lat' dir='ltr'><strong>pa·</strong></span> 
     </span>
     <span class='ocr_line' id='line_1_13' title="bbox 191 1809 1256 1909; baseline -0.006 -22"><span class='ocrx_word' id='word_1_80' title='bbox 191 1831 339 1906; x_wconf 65' lang='lat' dir='ltr'><strong>rumpet</strong></span> <span class='ocrx_word' id='word_1_81' title='bbox 367 1809 550 1906; x_wconf 79' lang='lat' dir='ltr'><strong>quiescere</strong></span> <span class='ocrx_word' id='word_1_82' title='bbox 579 1809 760 1908; x_wconf 86' lang='lat' dir='ltr'><strong>permisit,</strong></span> <span class='ocrx_word' id='word_1_83' title='bbox 794 1810 941 1906; x_wconf 88' lang='lat' dir='ltr'><strong>ejusque</strong></span> <span class='ocrx_word' id='word_1_84' title='bbox 968 1809 1197 1909; x_wconf 90' lang='lat' dir='ltr'><strong>prudentiam</strong></span> <span class='ocrx_word' id='word_1_85' title='bbox 1220 1824 1256 1882; x_wconf 89' lang='lat' dir='ltr'><strong>et</strong></span> 
     </span>
     <span class='ocr_line' id='line_1_14' title="bbox 191 1922 1133 2024; baseline -0.005 -23"><span class='ocrx_word' id='word_1_86' title='bbox 191 1922 453 2001; x_wconf 67' lang='lat' dir='ltr'><strong>animositatem</strong></span> <span class='ocrx_word' id='word_1_87' title='bbox 469 1925 654 2024; x_wconf 84' lang='lat' dir='ltr'><strong>congeries</strong></span> <span class='ocrx_word' id='word_1_88' title='bbox 669 1939 923 2022; x_wconf 85' lang='lat' dir='ltr'><strong>magnatorum</strong></span> <span class='ocrx_word' id='word_1_89' title='bbox 937 1926 1133 2023; x_wconf 90' lang='lat' dir='ltr'><strong>pertimuit.</strong></span> 
     </span>
     <span class='ocr_line' id='line_1_15' title="bbox 232 2041 1254 2140; baseline -0.003 -25"><span class='ocrx_word' id='word_1_90' title='bbox 232 2045 452 2115; x_wconf 77' lang='lat' dir='ltr'><strong>luterearca</strong></span> <span class='ocrx_word' id='word_1_91' title='bbox 463 2042 598 2140; x_wconf 86' lang='lat' dir='ltr'><strong>legatos</strong></span> <span class='ocrx_word' id='word_1_92' title='bbox 609 2043 646 2114; x_wconf 92' lang='lat' dir='ltr'><strong>in</strong></span> <span class='ocrx_word' id='word_1_93' title='bbox 657 2042 857 2116; x_wconf 88' lang='lat' dir='ltr'><strong>Ncustriam</strong></span> <span class='ocrx_word' id='word_1_94' title='bbox 868 2041 1008 2131; x_wconf 86' lang='lat' dir='ltr'><strong>direxit,</strong></span> <span class='ocrx_word' id='word_1_95' title='bbox 1024 2041 1181 2139; x_wconf 91' lang='lat' dir='ltr'><strong>ducique</strong></span> <span class='ocrx_word' id='word_1_96' title='bbox 1196 2062 1254 2112; x_wconf 84' lang='lat' dir='ltr'><strong>vc·</strong></span> 
     </span>
     <span class='ocr_line' id='line_1_16' title="bbox 190 2154 1255 2255; baseline -0.01 -19"><span class='ocrx_word' id='word_1_97' title='bbox 190 2154 310 2235; x_wconf 74' lang='lat' dir='ltr'><strong>udicis</strong></span> <span class='ocrx_word' id='word_1_98' title='bbox 322 2157 482 2254; x_wconf 81' lang='lat' dir='ltr'><strong>apicibus</strong></span> <span class='ocrx_word' id='word_1_99' title='bbox 495 2158 700 2249; x_wconf 83' lang='lat' dir='ltr'><strong>insinuavit,</strong></span> <span class='ocrx_word' id='word_1_100' title='bbox 715 2157 867 2255; x_wconf 84' lang='lat' dir='ltr'><strong>qualiter</strong></span> <span class='ocrx_word' id='word_1_101' title='bbox 880 2156 1081 2230; x_wconf 83' lang='lat' dir='ltr'><strong>Radbertus</strong></span> <span class='ocrx_word' id='word_1_102' title='bbox 1095 2157 1255 2252; x_wconf 89' lang='lat' dir='ltr'><strong>utrisque</strong></span> 
     </span>
     <span class='ocr_line' id='line_1_17' title="bbox 189 2269 1255 2371; baseline -0.002 -26"><span class='ocrx_word' id='word_1_103' title='bbox 189 2269 411 2363; x_wconf 52' lang='lat' dir='ltr'><strong>suffecerit,</strong></span> <span class='ocrx_word' id='word_1_104' title='bbox 435 2273 536 2347; x_wconf 92' lang='lat' dir='ltr'><strong>etde</strong></span> <span class='ocrx_word' id='word_1_105' title='bbox 557 2274 657 2348; x_wconf 90' lang='lat' dir='ltr'><strong>curia</strong></span> <span class='ocrx_word' id='word_1_106' title='bbox 676 2298 742 2347; x_wconf 84' lang='lat' dir='ltr'><strong>sua</strong></span> <span class='ocrx_word' id='word_1_107' title='bbox 763 2274 886 2347; x_wconf 85' lang='lat' dir='ltr'><strong>furtim</strong></span> <span class='ocrx_word' id='word_1_108' title='bbox 906 2273 1094 2371; x_wconf 83' lang='lat' dir='ltr'><strong>aufugerit.</strong></span> <span class='ocrx_word' id='word_1_109' title='bbox 1115 2271 1255 2345; x_wconf 90' lang='lat' dir='ltr'><strong>Deinde</strong></span> 
     </span>
     <span class='ocr_line' id='line_1_18' title="bbox 187 2389 1255 2489; baseline -0.002 -28"><span class='ocrx_word' id='word_1_110' title='bbox 187 2389 415 2461; x_wconf 70' lang='lat' dir='ltr'><strong>commonuit</strong></span> <span class='ocrx_word' id='word_1_111' title='bbox 441 2404 501 2479; x_wconf 87' lang='lat' dir='ltr'><strong>ut,</strong></span> <span class='ocrx_word' id='word_1_112' title='bbox 532 2390 623 2465; x_wconf 88' lang='lat' dir='ltr'><strong>sicut</strong></span> <span class='ocrx_word' id='word_1_113' title='bbox 645 2390 855 2489; x_wconf 89' lang='lat' dir='ltr'><strong>pepigerant</strong></span> <span class='ocrx_word' id='word_1_114' title='bbox 875 2391 913 2462; x_wconf 92' lang='lat' dir='ltr'><strong>in</strong></span> <span class='ocrx_word' id='word_1_115' title='bbox 940 2390 1083 2487; x_wconf 75' lang='lat' dir='ltr'><strong>Anglia,</strong></span> <span class='ocrx_word' id='word_1_116' title='bbox 1113 2390 1255 2486; x_wconf 88' lang='lat' dir='ltr'><strong>utrique</strong></span> 
     </span>
    </p>
   </div>
   <div class='ocr_carea' id='block_1_3' title="bbox 187 2500 1255 3180">
    <p class='ocr_par' dir='ltr' id='par_1_3' title="bbox 187 2500 1255 3180">
     <span class='ocr_line' id='line_1_19' title="bbox 188 2500 1255 2604; baseline -0.001 -27"><span class='ocrx_word' id='word_1_117' title='bbox 188 2500 399 2577; x_wconf 74' lang='lat' dir='ltr'><strong>traditorem</strong></span> <span class='ocrx_word' id='word_1_118' title='bbox 409 2529 517 2579; x_wconf 89' lang='lat' dir='ltr'><strong>suum</strong></span> <span class='ocrx_word' id='word_1_119' title='bbox 531 2505 727 2604; x_wconf 80' lang='lat' dir='ltr'><strong>plecterent</strong></span> <span class='ocrx_word' id='word_1_120' title='bbox 741 2504 896 2603; x_wconf 86' lang='lat' dir='ltr'><strong>generali</strong></span> <span class='ocrx_word' id='word_1_121' title='bbox 909 2505 1080 2578; x_wconf 87' lang='lat' dir='ltr'><strong>vindicta.</strong></span> <span class='ocrx_word' id='word_1_122' title='bbox 1095 2510 1175 2577; x_wconf 85' lang='lat' dir='ltr'><strong>Dux</strong></span> <span class='ocrx_word' id='word_1_123' title='bbox 1192 2507 1255 2576; x_wconf 91' lang='lat' dir='ltr'><strong>ita-</strong></span> 
     </span>
     <span class='ocr_line' id='line_1_20' title="bbox 187 2620 1254 2718; baseline -0.004 -25"><span class='ocrx_word' id='word_1_124' title='bbox 187 2636 259 2715; x_wconf 75' lang='lat' dir='ltr'><strong>que</strong></span> <span class='ocrx_word' id='word_1_125' title='bbox 282 2620 479 2693; x_wconf 80' lang='lat' dir='ltr'><strong>exercitum</strong></span> <span class='ocrx_word' id='word_1_126' title='bbox 501 2624 728 2695; x_wconf 80' lang='lat' dir='ltr'><strong>Normauniae</strong></span> <span class='ocrx_word' id='word_1_127' title='bbox 744 2622 989 2718; x_wconf 81' lang='lat' dir='ltr'><strong>congregavit,</strong></span> <span class='ocrx_word' id='word_1_128' title='bbox 1013 2635 1049 2692; x_wconf 90' lang='lat' dir='ltr'><strong>et</strong></span> <span class='ocrx_word' id='word_1_129' title='bbox 1066 2621 1254 2692; x_wconf 88' lang='lat' dir='ltr'><strong>Vinacium</strong></span> 
     </span>
     <span class='ocr_line' id='line_1_21' title="bbox 189 2734 1255 2835; baseline -0.006 -26"><span class='ocrx_word' id='word_1_130' title='bbox 189 2744 347 2809; x_wconf 68' lang='lat' dir='ltr'><strong>oestrum</strong></span> <span class='ocrx_word' id='word_1_131' title='bbox 359 2734 429 2834; x_wconf 84' lang='lat'>(2),</span> <span class='ocrx_word' id='word_1_132' title='bbox 449 2736 550 2835; x_wconf 90' lang='lat' dir='ltr'><strong>quod</strong></span> <span class='ocrx_word' id='word_1_133' title='bbox 565 2735 738 2809; x_wconf 88' lang='lat' dir='ltr'><strong>Girardus</strong></span> <span class='ocrx_word' id='word_1_134' title='bbox 754 2735 801 2809; x_wconf 90' lang='lat' dir='ltr'><strong>de</strong></span> <span class='ocrx_word' id='word_1_135' title='bbox 818 2739 949 2809; x_wconf 89' lang='lat' dir='ltr'><strong>Sancto</strong></span> <span class='ocrx_word' id='word_1_136' title='bbox 965 2734 1097 2805; x_wconf 86' lang='lat' dir='ltr'><strong>Hilario</strong></span> <span class='ocrx_word' id='word_1_137' title='bbox 1111 2757 1255 2805; x_wconf 90' lang='lat' dir='ltr'><strong>conser-</strong></span> 
     </span>
     <span class='ocr_line' id='line_1_22' title="bbox 189 2845 1255 2950; baseline -0.006 -27"><span class='ocrx_word' id='word_1_138' title='bbox 189 2845 318 2938; x_wconf 64' lang='lat' dir='ltr'><strong>uent,</strong></span> <span class='ocrx_word' id='word_1_139' title='bbox 350 2848 504 2925; x_wconf 85' lang='lat' dir='ltr'><strong>obsedit.</strong></span> <span class='ocrx_word' id='word_1_140' title='bbox 541 2852 721 2950; x_wconf 87' lang='lat' dir='ltr'><strong>Oppidani</strong></span> <span class='ocrx_word' id='word_1_141' title='bbox 752 2866 873 2925; x_wconf 89' lang='lat' dir='ltr'><strong>autem</strong></span> <span class='ocrx_word' id='word_1_142' title='bbox 902 2849 1072 2922; x_wconf 87' lang='lat' dir='ltr'><strong>militares</strong></span> <span class='ocrx_word' id='word_1_143' title='bbox 1104 2846 1255 2919; x_wconf 89' lang='lat' dir='ltr'><strong>assultus</strong></span> 
     </span>
     <span class='ocr_line' id='line_1_23' title="bbox 191 2961 1255 3063; baseline 0.003 -29"><span class='ocrx_word' id='word_1_144' title='bbox 191 2961 376 3060; x_wconf 87' lang='lat' dir='ltr'><strong>optabant,</strong></span> <span class='ocrx_word' id='word_1_145' title='bbox 395 2967 492 3062; x_wconf 87' lang='lat' dir='ltr'><strong>quia,</strong></span> <span class='ocrx_word' id='word_1_146' title='bbox 512 2967 542 3038; x_wconf 91' lang='lat' dir='ltr'><strong>si</strong></span> <span class='ocrx_word' id='word_1_147' title='bbox 553 2966 692 3039; x_wconf 88' lang='lat' dir='ltr'><strong>validus</strong></span> <span class='ocrx_word' id='word_1_148' title='bbox 708 2965 810 3039; x_wconf 87' lang='lat' dir='ltr'><strong>lieret</strong></span> <span class='ocrx_word' id='word_1_149' title='bbox 825 2967 992 3063; x_wconf 86' lang='lat' dir='ltr'><strong>impetus,</strong></span> <span class='ocrx_word' id='word_1_150' title='bbox 1011 2963 1162 3037; x_wconf 90' lang='lat' dir='ltr'><strong>reddere</strong></span> <span class='ocrx_word' id='word_1_151' title='bbox 1175 2988 1255 3037; x_wconf 45' lang='lat' dir='ltr'><strong>mus</strong></span> 
     </span>
     <span class='ocr_line' id='line_1_24' title="bbox 190 3078 1255 3180; baseline -0.007 -25"><span class='ocrx_word' id='word_1_152' title='bbox 190 3078 365 3155; x_wconf 53' lang='lat' dir='ltr'><strong>Quem</strong></span> <span class='ocrx_word' id='word_1_153' title='bbox 385 3082 499 3180; x_wconf 81' lang='lat' dir='ltr'><strong>parati</strong></span> <span class='ocrx_word' id='word_1_154' title='bbox 522 3097 635 3156; x_wconf 86' lang='lat' dir='ltr'><strong>crant.</strong></span> <span class='ocrx_word' id='word_1_155' title='bbox 661 3086 743 3155; x_wconf 87' lang='lat' dir='ltr'><strong>Non</strong></span> <span class='ocrx_word' id='word_1_156' title='bbox 768 3082 866 3155; x_wconf 88' lang='lat' dir='ltr'><strong>euim</strong></span> <span class='ocrx_word' id='word_1_157' title='bbox 888 3106 965 3152; x_wconf 89' lang='lat' dir='ltr'><strong>sese</strong></span> <span class='ocrx_word' id='word_1_158' title='bbox 986 3081 1062 3152; x_wconf 91' lang='lat' dir='ltr'><strong>sine</strong></span> <span class='ocrx_word' id='word_1_159' title='bbox 1084 3079 1255 3153; x_wconf 83' lang='lat' dir='ltr'><strong>violentia</strong></span> 
     </span>
    </p>
   </div>
   <div class='ocr_carea' id='block_1_4' title="bbox 191 3191 1253 3292">
    <p class='ocr_par' dir='ltr' id='par_1_4' title="bbox 191 3191 1253 3292">
     <span class='ocr_line' id='line_1_25' title="bbox 191 3191 1253 3292; baseline -0.003 -25"><span class='ocrx_word' id='word_1_160' title='bbox 191 3191 322 3269; x_wconf 83' lang='lat' dir='ltr'><strong>dedere</strong></span> <span class='ocrx_word' id='word_1_161' title='bbox 347 3194 609 3292; x_wconf 82' lang='lat' dir='ltr'><strong>dignabantur,</strong></span> <span class='ocrx_word' id='word_1_162' title='bbox 638 3222 685 3270; x_wconf 87' lang='lat' dir='ltr'><strong>ne</strong></span> <span class='ocrx_word' id='word_1_163' title='bbox 709 3194 867 3271; x_wconf 87' lang='lat' dir='ltr'><strong>malefidi</strong></span> <span class='ocrx_word' id='word_1_164' title='bbox 898 3195 1099 3269; x_wconf 83' lang='lat' dir='ltr'><strong>desertores</strong></span> <span class='ocrx_word' id='word_1_165' title='bbox 1125 3194 1253 3267; x_wconf 89' lang='lat' dir='ltr'><strong>merito</strong></span> 
     </span>
    </p>
   </div>
   <div class='ocr_carea' id='block_1_5' title="bbox 193 3533 1253 4055">
    <p class='ocr_par' dir='ltr' id='par_1_5' title="bbox 193 3533 1253 3699">
     <span class='ocr_line' id='line_1_26' title="bbox 222 3533 1253 3609; baseline -0.004 -20"><span class='ocrx_word' id='word_1_166' title='bbox 222 3535 260 3606; x_wconf 86' lang='lat' dir='ltr'><strong>(l)</strong></span> <span class='ocrx_word' id='word_1_167' title='bbox 274 3533 374 3608; x_wconf 82' lang='lat' dir='ltr'><strong>Blytlr,</strong></span> <span class='ocrx_word' id='word_1_168' title='bbox 387 3535 456 3592; x_wconf 83' lang='lat' dir='ltr'><strong>daus</strong></span> <span class='ocrx_word' id='word_1_169' title='bbox 467 3535 493 3592; x_wconf 91' lang='lat' dir='ltr'><strong>le</strong></span> <span class='ocrx_word' id='word_1_170' title='bbox 505 3537 777 3609; x_wconf 84' lang='lat' dir='ltr'><strong>Nottinghamahire.</strong></span> <span class='ocrx_word' id='word_1_171' title='bbox 791 3536 846 3592; x_wconf 88' lang='lat' dir='ltr'><strong>Sur</strong></span> <span class='ocrx_word' id='word_1_172' title='bbox 854 3552 886 3590; x_wconf 91' lang='lat' dir='ltr'><strong>cc</strong></span> <span class='ocrx_word' id='word_1_173' title='bbox 896 3535 1013 3589; x_wconf 69' lang='lat' dir='ltr'><strong>chalteau</strong></span> <span class='ocrx_word' id='word_1_174' title='bbox 1026 3544 1054 3588; x_wconf 90' lang='lat' dir='ltr'><strong>et</strong></span> <span class='ocrx_word' id='word_1_175' title='bbox 1067 3551 1115 3588; x_wconf 84' lang='lat' dir='ltr'><strong>aur</strong></span> <span class='ocrx_word' id='word_1_176' title='bbox 1127 3550 1176 3587; x_wconf 83' lang='lat' dir='ltr'><strong>son</strong></span> <span class='ocrx_word' id='word_1_177' title='bbox 1186 3549 1253 3604; x_wconf 87' lang='lat' dir='ltr'><strong>pro-</strong></span> 
     </span>
     <span class='ocr_line' id='line_1_27' title="bbox 193 3622 1088 3699; baseline -0.002 -21"><span class='ocrx_word' id='word_1_178' title='bbox 193 3622 321 3693; x_wconf 72' lang='lat' dir='ltr'><strong>prietaire</strong></span> <span class='ocrx_word' id='word_1_179' title='bbox 334 3624 467 3697; x_wconf 85' lang='lat' dir='ltr'><strong>primitis,</strong></span> <span class='ocrx_word' id='word_1_180' title='bbox 483 3626 577 3699; x_wconf 84' lang='lat' dir='ltr'><strong>Roger</strong></span> <span class='ocrx_word' id='word_1_181' title='bbox 589 3624 625 3681; x_wconf 91' lang='lat' dir='ltr'><strong>de</strong></span> <span class='ocrx_word' id='word_1_182' title='bbox 639 3625 727 3696; x_wconf 82' lang='lat' dir='ltr'><strong>Rulli,</strong></span> <span class='ocrx_word' id='word_1_183' title='bbox 740 3641 822 3698; x_wconf 82' lang='lat' dir='ltr'><strong>voyez</strong></span> <span class='ocrx_word' id='word_1_184' title='bbox 835 3623 985 3693; x_wconf 67' lang='lat' dir='ltr'><strong>cidessus,</strong></span> <span class='ocrx_word' id='word_1_185' title='bbox 1001 3641 1029 3695; x_wconf 93' lang='lat' dir='ltr'><strong>p.</strong></span> <span class='ocrx_word' id='word_1_186' title='bbox 1043 3625 1088 3678; x_wconf 79' lang='lat'><strong>33.</strong></span> 
     </span>
    </p>

    <p class='ocr_par' dir='ltr' id='par_1_6' title="bbox 224 3707 1169 3787">
     <span class='ocr_line' id='line_1_28' title="bbox 224 3707 1169 3787; baseline -0.007 -19"><span class='ocrx_word' id='word_1_187' title='bbox 224 3712 263 3782; x_wconf 74' lang='grc'><strong>(2)</strong></span> <span class='ocrx_word' id='word_1_188' title='bbox 277 3711 315 3766; x_wconf 88' lang='lat' dir='ltr'><strong>Le</strong></span> <span class='ocrx_word' id='word_1_189' title='bbox 326 3711 443 3768; x_wconf 72' lang='lat' dir='ltr'><strong>chiteau</strong></span> <span class='ocrx_word' id='word_1_190' title='bbox 458 3713 493 3768; x_wconf 89' lang='lat' dir='ltr'><strong>de</strong></span> <span class='ocrx_word' id='word_1_191' title='bbox 505 3715 638 3787; x_wconf 66' lang='lat' dir='ltr'><strong>Vignae,</strong></span> <span class='ocrx_word' id='word_1_192' title='bbox 651 3716 667 3768; x_wconf 75' lang='lat' dir='ltr'><strong>a</strong></span> <span class='ocrx_word' id='word_1_193' title='bbox 678 3713 751 3769; x_wconf 82' lang='lat' dir='ltr'><strong>deux</strong></span> <span class='ocrx_word' id='word_1_194' title='bbox 764 3713 852 3769; x_wconf 86' lang='lat' dir='ltr'><strong>lienes</strong></span> <span class='ocrx_word' id='word_1_195' title='bbox 863 3723 892 3767; x_wconf 85' lang='lat' dir='ltr'><strong>et</strong></span> <span class='ocrx_word' id='word_1_196' title='bbox 903 3712 995 3767; x_wconf 90' lang='lat' dir='ltr'><strong>demie</strong></span> <span class='ocrx_word' id='word_1_197' title='bbox 1005 3709 1042 3765; x_wconf 88' lang='lat' dir='ltr'><strong>dc</strong></span> <span class='ocrx_word' id='word_1_198' title='bbox 1054 3707 1169 3764; x_wconf 75' lang='lat' dir='ltr'><strong>Falsise.</strong></span> 
     </span>
    </p>

    <p class='ocr_par' dir='ltr' id='par_1_7' title="bbox 194 3793 1253 4055">
     <span class='ocr_line' id='line_1_29' title="bbox 223 3793 1253 3873; baseline -0.006 -21"><span class='ocrx_word' id='word_1_199' title='bbox 223 3798 246 3853; x_wconf 86' lang='lat' dir='ltr'><strong>ll</strong></span> <span class='ocrx_word' id='word_1_200' title='bbox 255 3817 274 3873; x_wconf 75' lang='lat' dir='ltr'>y</span> <span class='ocrx_word' id='word_1_201' title='bbox 283 3819 315 3868; x_wconf 82' lang='lat' dir='ltr'><strong>a,</strong></span> <span class='ocrx_word' id='word_1_202' title='bbox 326 3819 363 3856; x_wconf 89' lang='lat' dir='ltr'><strong>en</strong></span> <span class='ocrx_word' id='word_1_203' title='bbox 375 3801 558 3870; x_wconf 84' lang='lat' dir='ltr'><strong>Normandie,</strong></span> <span class='ocrx_word' id='word_1_204' title='bbox 570 3804 612 3856; x_wconf 81' lang='lat' dir='ltr'><strong>six</strong></span> <span class='ocrx_word' id='word_1_205' title='bbox 622 3819 784 3858; x_wconf 85' lang='lat' dir='ltr'><strong>communes</strong></span> <span class='ocrx_word' id='word_1_206' title='bbox 792 3801 831 3856; x_wconf 90' lang='lat' dir='ltr'><strong>dn</strong></span> <span class='ocrx_word' id='word_1_207' title='bbox 841 3819 907 3856; x_wconf 91' lang='lat' dir='ltr'><strong>nom</strong></span> <span class='ocrx_word' id='word_1_208' title='bbox 918 3799 954 3855; x_wconf 86' lang='lat' dir='ltr'><strong>dc</strong></span> <span class='ocrx_word' id='word_1_209' title='bbox 964 3796 1171 3861; x_wconf 76' lang='lat' dir='ltr'><strong>saint-Hilaire‚</strong></span> <span class='ocrx_word' id='word_1_210' title='bbox 1184 3793 1253 3848; x_wconf 88' lang='lat' dir='ltr'><strong>dont</strong></span> 
     </span>
     <span class='ocr_line' id='line_1_30' title="bbox 194 3886 1253 3965; baseline -0.007 -22"><span class='ocrx_word' id='word_1_211' title='bbox 194 3898 286 3960; x_wconf 80' lang='lat' dir='ltr'><strong>quatre</strong></span> <span class='ocrx_word' id='word_1_212' title='bbox 298 3888 367 3944; x_wconf 83' lang='lat' dir='ltr'><strong>daus</strong></span> <span class='ocrx_word' id='word_1_213' title='bbox 382 3890 409 3945; x_wconf 89' lang='lat' dir='ltr'><strong>le</strong></span> <span class='ocrx_word' id='word_1_214' title='bbox 421 3890 615 3965; x_wconf 76' lang='lat' dir='ltr'><strong>departement</strong></span> <span class='ocrx_word' id='word_1_215' title='bbox 626 3891 662 3947; x_wconf 85' lang='lat' dir='ltr'><strong>dc</strong></span> <span class='ocrx_word' id='word_1_216' title='bbox 675 3892 785 3949; x_wconf 84' lang='lat' dir='ltr'><strong>l’Oroe.</strong></span> <span class='ocrx_word' id='word_1_217' title='bbox 800 3890 907 3947; x_wconf 80' lang='lat' dir='ltr'><strong>Gimrd</strong></span> <span class='ocrx_word' id='word_1_218' title='bbox 920 3888 1011 3945; x_wconf 75' lang='lat' dir='ltr'><strong>demit</strong></span> <span class='ocrx_word' id='word_1_219' title='bbox 1024 3886 1253 3943; x_wconf 75' lang='lat' dir='ltr'><strong>necessaircmeut</strong></span> 
     </span>
     <span class='ocr_line' id='line_1_31' title="bbox 194 3975 1251 4055; baseline -0.008 -23"><span class='ocrx_word' id='word_1_220' title='bbox 194 3978 349 4047; x_wconf 71' lang='lat' dir='ltr'><strong>appartene-</strong></span> <span class='ocrx_word' id='word_1_221' title='bbox 364 3982 380 4034; x_wconf 69' lang='grc' dir='ltr'>ὲ</span> <span class='ocrx_word' id='word_1_222' title='bbox 396 3978 464 4035; x_wconf 85' lang='lat' dir='ltr'><strong>celle</strong></span> <span class='ocrx_word' id='word_1_223' title='bbox 480 3981 529 4055; x_wconf 86' lang='lat' dir='ltr'><strong>qni</strong></span> <span class='ocrx_word' id='word_1_224' title='bbox 545 3981 597 4035; x_wconf 83' lang='lat' dir='ltr'><strong>fait</strong></span> <span class='ocrx_word' id='word_1_225' title='bbox 610 3982 699 4054; x_wconf 80' lang='lat' dir='ltr'><strong>partic</strong></span> <span class='ocrx_word' id='word_1_226' title='bbox 715 3981 755 4036; x_wconf 89' lang='lat' dir='ltr'><strong>du</strong></span> <span class='ocrx_word' id='word_1_227' title='bbox 772 3990 873 4035; x_wconf 81' lang='lat' dir='ltr'><strong>canton</strong></span> <span class='ocrx_word' id='word_1_228' title='bbox 891 3978 926 4033; x_wconf 89' lang='lat' dir='ltr'><strong>de</strong></span> <span class='ocrx_word' id='word_1_229' title='bbox 944 3977 1026 4044; x_wconf 79' lang='lat' dir='ltr'><strong>seez,</strong></span> <span class='ocrx_word' id='word_1_230' title='bbox 1046 3975 1140 4048; x_wconf 86' lang='lat' dir='ltr'><strong>etqui</strong></span> <span class='ocrx_word' id='word_1_231' title='bbox 1156 3989 1251 4026; x_wconf 86' lang='lat' dir='ltr'><strong>acon-</strong></span> 
     </span>
    </p>
   </div>
   <div class='ocr_carea' id='block_1_6' title="bbox 195 4059 1252 4209">
    <p class='ocr_par' dir='ltr' id='par_1_8' title="bbox 195 4059 1252 4209">
     <span class='ocr_line' id='line_1_32' title="bbox 195 4059 1252 4208; baseline -0.009 -87"><span class='ocrx_word' id='word_1_232' title='bbox 195 4067 274 4208; x_wconf 53' lang='grc' dir='ltr'><strong>ξιξ,</strong></span> <span class='ocrx_word' id='word_1_233' title='bbox 288 4082 325 4121; x_wconf 82' lang='lat' dir='ltr'><strong>en</strong></span> <span class='ocrx_word' id='word_1_234' title='bbox 335 4069 465 4123; x_wconf 81' lang='lat' dir='ltr'><strong>souvenir</strong></span> <span class='ocrx_word' id='word_1_235' title='bbox 476 4068 512 4125; x_wconf 90' lang='lat' dir='ltr'><strong>de</strong></span> <span class='ocrx_word' id='word_1_236' title='bbox 524 4087 566 4124; x_wconf 85' lang='lat' dir='ltr'><strong>scs</strong></span> <span class='ocrx_word' id='word_1_237' title='bbox 578 4071 690 4126; x_wconf 77' lang='lat' dir='ltr'><strong>enciens</strong></span> <span class='ocrx_word' id='word_1_238' title='bbox 704 4070 857 4143; x_wconf 73' lang='lat' dir='ltr'><strong>wigmari,</strong></span> <span class='ocrx_word' id='word_1_239' title='bbox 871 4067 897 4121; x_wconf 90' lang='lat' dir='ltr'><strong>le</strong></span> <span class='ocrx_word' id='word_1_240' title='bbox 909 4083 977 4121; x_wconf 88' lang='lat' dir='ltr'><strong>nom</strong></span> <span class='ocrx_word' id='word_1_241' title='bbox 989 4065 1024 4120; x_wconf 90' lang='lat' dir='ltr'><strong>de</strong></span> <span class='ocrx_word' id='word_1_242' title='bbox 1037 4059 1252 4120; x_wconf 77' lang='lat' dir='ltr'><strong>saint-Hilairc·</strong></span> 
     </span>
     <span class='ocr_line' id='line_1_33' title="bbox 218 4154 347 4209; baseline 0.008 -1"><span class='ocrx_word' id='word_1_243' title='bbox 218 4182 228 4194; x_wconf 91' lang='lat'><strong>·</strong></span> <span class='ocrx_word' id='word_1_244' title='bbox 261 4154 347 4209; x_wconf 82' lang='lat' dir='ltr'><strong>irard.</strong></span> 
     </span>
    </p>
   </div>
   <div class='ocr_carea' id='block_1_7' title="bbox 0 0 1448 4934">
    <p class='ocr_par' dir='ltr' id='par_1_9' title="bbox 0 0 1448 4934">
     <span class='ocr_line' id='line_1_34' title="bbox 0 0 1448 4934; baseline 0 0"><span class='ocrx_word' id='word_1_245' title='bbox 0 0 1448 4934; x_wconf 95' lang='lat' dir='ltr'><strong> </strong></span> 
     </span>
    </p>
   </div>
  </div>
 </body>
</html>
