2888 4934
188 425 249 493 ass
458 423 643 485 arsroan
665 422 974 487 accamrassrcs.
1138 426 1240 506 [rus]

236 559 336 630 Circa
354 556 463 629 finem
476 557 585 653 junii,
607 558 776 631 Ricardus
793 583 900 632 senex
917 557 1060 630 Uticam
1078 557 1193 649 venit,
1212 573 1242 631 et

187 698 280 771 aeger
296 672 550 745 monachatum
561 675 711 773 accepit,
726 690 763 747 et
775 674 884 774 paulo
898 687 981 773 post
996 674 1034 746 in
1050 673 1160 747 initio
1171 672 1243 770 julii

188 790 290 881 obiit,
309 814 351 861 ac
368 790 405 861 in
419 788 576 888 capitulo
594 791 857 864 monachorum
873 789 1069 863 tumulatus
1085 790 1241 888 quiescit

188 906 395 980 Portionem
414 905 569 978 ecclesiae
590 905 636 979 de
658 906 868 980 Gumsredia
887 905 943 1004 (l)
965 904 1002 978 et
1020 903 1243 978 medietatem

187 1020 334 1095 decimae
349 1046 420 1093 suae
436 1024 567 1093 Sancto
585 1021 732 1094 Ebrullo
750 1021 915 1110 donavit,
937 1044 980 1093 ac
997 1044 1018 1093 a
1034 1019 1241 1110 Guillelmo,

186 1139 427 1235 primogenito
444 1163 530 1230 suo,
554 1137 704 1236 aliisqae
728 1138 809 1209 filiis
832 1136 922 1229 suis,
945 1150 985 1208 ut
1006 1136 1243 1209 concederent

187 1251 287 1349 quod
303 1252 515 1342 donaverat,
535 1252 748 1351 impetravit.

236 1372 327 1439 xlv.
346 1372 441 1440 later
454 1383 507 1441 tot
518 1383 554 1441 et
566 1383 641 1440 tam
654 1392 800 1466 magnas
813 1380 1039 1466 tempestates
1049 1364 1242 1438 admodau

187 1483 382 1574 saevientes,
398 1485 591 1582 sceptriger
605 1484 780 1555 Henricus
797 1484 897 1580 regio
912 1496 1105 1555 stemmate
1120 1479 1243 1579 rigidus

187 1602 355 1702 perstitit,
375 1616 411 1674 et
428 1623 554 1673 omnes
567 1599 729 1700 proprias
746 1600 977 1688 munitiones,
996 1597 1080 1669 lidis
1095 1595 1243 1670 custodi·

186 1715 255 1789 bus
262 1714 335 1788 illic
347 1715 473 1788 callide
485 1717 621 1805 locatis,
633 1716 768 1814 optime
782 1713 951 1803 servavit,
963 1713 999 1783 in
1012 1709 1242 1810 quasbostilis

187 1837 340 1908 versutia
360 1835 563 1908 nullatenus
584 1834 630 1907 ad
652 1833 792 1906 libitum
817 1855 924 1904 suum
945 1831 1097 1902 introire
1118 1829 1239 1928 potuit

188 1954 404 2049 Rotomagus
431 1953 525 2023 enirn
552 1949 760 2048 metropolis
785 1963 821 2020 et
848 1948 1008 2033 Baiocas,
1035 1943 1241 2018 Consualia

186 2082 222 2139 et
252 2068 440 2156 Abrincas,
467 2068 590 2163 Sagius
620 2082 656 2139 et
684 2071 807 2155 Arcas,
834 2069 1042 2135 Nonencors
1073 2077 1111 2134 et
1141 2061 1239 2146 lilim,

186 2183 367 2255 Cadomus
392 2198 428 2254 et
450 2182 598 2274 Falesia,
627 2183 776 2256 Osimus
802 2195 836 2252 et
857 2181 1050 2251 Fiscannus
1078 2200 1122 2249 ac
1146 2175 1241 2248 lolia

186 2295 299 2382 bona,
323 2301 467 2370 Vernon
494 2312 530 2370 et
555 2303 807 2395 Argentomus,
838 2295 976 2392 aliaque
1006 2291 1147 2391 oppida
1175 2313 1241 2389 (μ

187 2413 290 2510 regiae
305 2413 434 2485 ditioni
451 2413 623 2485 duntaxat
639 2410 896 2500 subdebantur,
916 2408 963 2481 ab
979 2408 1057 2505 ejus
1072 2409 1174 2504 justo
1182 2405 1241 2478 'dn

188 2529 324 2601 minatu
344 2528 446 2600 avelli
471 2528 704 2600 liaudulentis
723 2525 1014 2626 persuasionibus
1038 2549 1116 2595 non
1143 2523 1241 2623 petie

187 2642 330 2716 bantur.
359 2644 516 2741 Legitimi
540 2668 685 2742 quoque
706 2644 920 2742 optimates:
936 2639 1112 2711 Ricardus
1130 2658 1241 2710 comes

187 2763 379 2834 Castrensis
394 2777 430 2833 et
447 2763 642 2835 Rannulfus
658 2762 704 2835 de
720 2758 914 2850 Bricasard,
933 2774 1109 2856 cognatus
1128 2773 1165 2829 et
1178 2780 1242 2828 suc

187 2901 306 2949 sessor
335 2877 428 2973 ejus,
457 2877 626 2948 liedulfus
653 2877 699 2949 de
727 2875 882 2949 Conchis
905 2889 939 2946 et
962 2871 1182 2944 Guillelmus
1207 2870 1242 2942 de

186 2994 395 3080 Guarenna,
423 2992 633 3064 Guillelmus
656 2992 702 3064 de
726 2992 890 3064 Rolmara
914 3004 949 3063 et
969 2988 1187 3061 Guillelmus
1208 2985 1242 3056 ds

187 3107 459 3197 Tancardivilla,
490 3107 659 3179 Radullus
689 3107 734 3178 de
758 3110 889 3178 Sancto
916 3105 1057 3176 Victore
1084 3116 1120 3174 et
1143 3099 1242 3173 Gual·

188 3222 296 3292 terius
321 3222 515 3313 Gillardus,
543 3223 698 3320 Nigellus
716 3221 762 3292 de
781 3220 968 3292 Albinneio
987 3235 1024 3290 et
1038 3216 1244 3289 Guillelmus

188 3334 294 3406 frater
310 3337 398 3431 ejus,
418 3337 548 3435 aliique
565 3337 733 3437 praecipui
749 3337 877 3408 heroes
890 3338 926 3406 in
945 3334 1156 3406 adversiset
1169 3354 1246 3431 pro-

189 3451 298 3545 speris
316 3453 388 3547 regi
406 3452 725 3540 connectebantur,
749 3466 784 3522 et
808 3450 1011 3549 opprobrii,
1034 3446 1246 3545 proditionis

188 3587 230 3633 ac
252 3566 395 3661 perjurii
418 3568 534 3664 elogio
559 3567 734 3639 notabiles
757 3592 832 3638 esse
857 3563 1159 3661 dedignabantur.
1185 3566 1248 3632 lm·

191 3678 315 3751 berbes
325 3708 469 3780 quoque
483 3684 545 3755 filii
554 3683 725 3756 liodberti
735 3682 889 3754 consulis
898 3681 944 3753 de
957 3679 1130 3752 Mellento
1140 3709 1150 3750 x
1161 3683 1249 3751 Gua-

191 3794 355 3867 lerannus
375 3814 409 3869 et
427 3799 645 3889 Rodbertus,
664 3800 737 3895 regi
757 3797 1005 3885 adhaerebant,
1030 3796 1140 3892 eique
1162 3794 1251 3893 opti-

190 3930 300 3986 mates
325 3941 451 3988 eorum
475 3943 558 3988 cum
581 3916 823 3987 munitissimis
845 3913 995 3984 castellis
1018 3913 1055 3982 in
1082 3908 1250 3999 omnibus

190 4078 378 4091 ——-——.-

226 4171 264 4233 (ll
284 4172 318 4225 La
331 4173 494 4240 Gonlribre,
508 4182 587 4225 entre
599 4168 624 4223 la
638 4167 843 4223 Ferte-Fresnel
855 4177 883 4221 et
894 4163 1112 4222 Salat-Erroult.
