2888 4934
414 702 587 794 creua
619 680 1028 803 uuouucluue

238 1138 267 1205 l.
288 1137 392 1205 Anno
408 1132 454 1205 ab
470 1135 715 1208 incarnatione
734 1135 881 1207 Domini
894 1141 938 1208 ι’
953 1141 988 1208 cl
1004 1138 1120 1225 Μ’,
1139 1128 1242 1204 indic·

190 1249 288 1321 tione
306 1247 434 1348 ¹1¹(l),
455 1248 571 1348 vigalia
586 1249 716 1324 Natalis
733 1251 892 1351 Domini,
909 1249 1105 1324 vehemens
1119 1261 1243 1320 venun

189 1362 336 1437 aedilicia
352 1378 387 1437 et
403 1389 550 1437 nemora
568 1365 606 1437 in
623 1364 782 1465 partibus
798 1365 965 1440 Occiduis
986 1363 1244 1464 plurima'pro-

190 1478 325 1549 stravit.

239 1593 415 1665 Defuncto
437 1592 594 1667 Paschali
616 1597 728 1690 Papa,
752 1591 932 1666 lohannes
953 1592 1158 1681 Caietanus,
1172 1592 1247 1662 -llo-

190 1732 381 1782 manorum
398 1710 610 1783 Pontificum
626 1711 793 1808 antiquus
813 1709 1099 1783 cancellariuset
1121 1707 1247 1805 magia·

186 1839 256 1916 ter,
275 1826 312 1897 in
330 1825 510 1899 Gelasium
529 1831 662 1925 Papam
680 1826 813 1899 electus
828 1841 894 1915 est,
913 1841 961 1916 et,
982 1823 1249 1898 contradicente

191 1944 422 2039 imperatore,
440 1964 475 2015 ‘a
505 1945 668 2014 Romano
696 1940 792 2013 clero
819 1941 993 2014 canonice
1021 1954 1249 2013 consecratus

191 2070 244 2128 est
260 2056 327 2155 (2).
347 2062 446 2130 Tunc
466 2059 575 2131 etiam
593 2056 780 2146 Burdinus,
803 2061 995 2154 Bragarum
1009 2055 1249 2154 archiepisco·

190 2197 276 2271 pus,
303 2174 366 2272 qui
387 2175 459 2246 suis
480 2198 501 2246 a
522 2172 722 2247 fautoribus
742 2173 933 2270 Gregorius
954 2171 1250 2243 vtum-vocitatus

191 2302 257 2378 est,
271 2292 489 2388 Imperatore
502 2290 730 2379 connivente,
747 2290 784 2361 in
803 2287 996 2362 Ecclesiam
1011 2287 1078 2358 Dei
1094 2287 1251 2359 intrusus

193 2417 245 2474 est
272 2403 338 2500 (3).
374 2408 474 2475 Tunc
502 2405 617 2500 gravis
645 2402 730 2476 inde
760 2403 934 2476 <lucensio
961 2399 1133 2491 inolevit,
1156 2423 1252 2473 sicvt

190 2519 390 2618 persecutio
421 2517 621 2607 inhorruit,
653 2533 690 2591 et
722 2517 933 2591 catholicam
967 2515 1112 2616 plebem
1146 2514 1251 2588 rehe-

191 2651 332 2708 menter
347 2633 579 2735 perturbavit.

239 2755 338 2823 Tunc
354 2752 447 2823 inter
463 2751 699 2840 Ludovicum,
717 2774 837 2848 regem
853 2754 1086 2838 Francorum,
1107 2762 1145 2821 et
1160 2751 1253 2819 Hen-

192 2867 319 2957 ricum,
350 2891 469 2966 regem
498 2866 712 2965 Anglorum,
740 2866 855 2964 gravis
883 2864 1065 2936 inimicitia
1094 2876 1190 2952 erat,
1219 2871 1254 2933 et

192 2996 374 3055 tantorum
405 2983 607 3082 principum
636 2981 810 3053 hostilitas
839 2978 1083 3077 frequentibus
1113 2975 1253 3050 damnis

191 3122 257 3169 sua
284 3114 410 3170 mutuo
439 3123 522 3170 rura
547 3096 763 3171 destruebat.
790 3095 993 3167 Ludovicus
1016 3119 1078 3166 rex
1107 3090 1254 3164 Guillel·

193 3237 293 3284 mum
326 3213 465 3287 exulem
498 3211 544 3285 ad
578 3209 853 3285 nanciscendam
884 3207 1120 3282 hereditatem
1152 3230 1251 3279 suam

187 3327 352 3423 juvabat,
382 3329 485 3426 eique
515 3352 644 3426 magna
669 3350 752 3425 pars
779 3330 1070 3397 Normannorum
1100 3320 1253 3396 admini-

190 3442 302 3515 culari
328 3457 405 3516 toto
430 3444 511 3515 nisu
536 3441 726 3540 satagebat.
753 3442 926 3515 Henricus
949 3454 1069 3513 autem
1093 3453 1250 3511 castrum

225 3701 266 3770 (l)
285 3697 362 3752 Nous
376 3713 494 3770 penem
505 3695 574 3771 qu'il
585 3694 645 3750 saut
656 3694 708 3751 lire
722 3719 727 3749 :
743 3696 823 3763 lll'l,
839 3695 976 3751 indiction
989 3713 1016 3749 x.

225 3788 264 3858 (2)
281 3787 351 3841 Jean
367 3785 402 3840 de
418 3785 521 3852 Gaete,
543 3785 636 3840 moine
655 3783 693 3838 du
713 3783 920 3853 hient-Cassia,
940 3782 986 3839 elu
1004 3783 1078 3857 Pape
1097 3781 1125 3838 le
1143 3786 1178 3840 tt
1190 3782 1251 3856 jan·

191 3876 249 3932 vier
263 3879 346 3942 illd,
361 3892 426 3929 sous
440 3872 469 3929 le
483 3891 550 3928 nom
566 3873 601 3928 de
617 3872 717 3929 Gelase
732 3873 761 3927 II
770 3916 777 3941 ,
793 3871 919 3928 ordonne
935 3873 1029 3947 pretre
1043 3871 1102 3928 tce
1123 3890 1209 3940 mars,
1225 3879 1252 3926 et
1287 3910 1295 3921 .

192 3967 323 4023 sonuere
334 3962 360 4018 le
375 3960 532 4018 lendemain
546 3963 561 4018 l
573 3961 673 4017 Gaete.

227 4053 267 4124 (a)
286 4049 409 4106 Maurice
422 4047 562 4118 Bourdin,
575 4047 747 4122 archevrique
761 4047 796 4103 de
809 4048 928 4122 Brague,
946 4047 992 4103 elo
1003 4048 1080 4123 Pape
1094 4050 1111 4103 i
1123 4043 1249 4102 Romele
1268 4062 1295 4096 ε

191 4139 428 4198 tmusuivant.
