3130 5058
484 489 600 550 menn
621 489 862 553 uunnctttus.
1139 495 1199 556 4463

143 623 243 720 gerio
262 623 432 721 principi,
453 621 498 694 dc
523 646 597 719 quo
619 645 724 721 supra
746 621 879 694 dictum
900 636 971 710 est,
993 624 1195 696 intimavit:

144 733 256 808 filiam
269 735 402 810 adlinet
417 738 528 836 ipsius
543 735 715 826 lobanni,
737 735 810 809 filio
827 738 987 833 Augusti,
1007 739 1198 835 conjugem

143 852 283 952 petivit.
295 854 491 926 Diuturntu
507 855 604 926 enim
617 876 746 926 rancor
755 854 834 951 ejus
846 853 1016 952 paulatim
1029 855 1199 951 conquis-

143 980 257 1056 uerat,
276 967 361 1064 quia
375 967 484 1055 idern,
504 968 674 1066 sapientia
689 965 842 1066 pollens,
861 968 1044 1042 manifeste
1059 967 1197 1040 viderat
1253 1058 1256 1066 Ι

144 1079 246 1176 quod
266 1081 427 1154 mortalis
448 1082 607 1154 conditio
632 1080 880 1153 buamundum
900 1096 936 1152 et
957 1080 1196 1170 Tenendum,

145 1191 308 1291 aliosque
318 1195 468 1268 rebelles
478 1194 723 1286 absorbuerat,
738 1195 973 1293 camdemque
983 1197 1021 1267 in
1033 1196 1199 1294 proximo

144 1309 333 1382 imminere
344 1309 412 1382 sibi
422 1310 622 1383 admodum
633 1307 825 1382 metuebat.
840 1315 1066 1410 Quapropter
1079 1311 1201 1383 decre·

145 1425 197 1496 vit
212 1426 419 1522 progeniem
433 1449 535 1498 naam
552 1427 678 1498 semini
694 1426 911 1522 conjungere
927 1425 1103 1498 bellicosae
1119 1448 1202 1522 gen·

146 1540 205 1628 tie,
224 1551 262 1610 ot
277 1538 327 1610 sic
343 1538 467 1613 saltem
484 1539 743 1613 Antiochenum
755 1541 991 1638 principatum
1004 1539 1109 1612 heres
1123 1540 1201 1636 ejus

144 1653 401 1752 adipisceretur
417 1653 585 1727 affinitate
599 1657 748 1753 generis,
763 1654 863 1753 quod
877 1655 1078 1728 nullatenus
1095 1655 1203 1726 armis

144 1767 378 1841 obtenturum
412 1794 451 1842 se
484 1768 686 1842 confidebat
716 1769 863 1841 bellicis.
899 1769 1084 1843 Praelatum
1116 1791 1202 1866 ergo

144 1881 333 1980 Pelasgum
350 1886 564 1958 Normannis
579 1885 784 1975 destinavit,
804 1885 868 1983 qui
885 1885 923 1957 in
943 1883 1203 1982 prestolamus

143 1999 348 2072 communis
366 2000 526 2098 responsi
541 2024 649 2098 grave
665 1999 898 2073 infortunium
914 2000 1074 2072 incurrit.
1093 2002 1200 2089 Nam,

143 2111 234 2186 dum
250 2112 413 2210 praelatus
426 2113 533 2188 heros
545 2113 739 2188 Antiocbiae
753 2127 927 2204 maneret,
945 2129 980 2186 et
993 2137 1036 2186 ex
1048 2113 1204 2212 generali

141 2225 311 2300 consultu
332 2227 542 2302 honorabile
558 2253 772 2327 responsum
793 2243 1027 2328 exspectaret,
1050 2243 1085 2301 et
1107 2229 1204 2300 Amir

143 2342 249 2417 Garis
265 2347 399 2434 Perses,
421 2359 581 2443 utsupra
597 2343 713 2435 retuli,
733 2343 822 2418 fines
839 2343 1118 2416 Christianorum
1134 2344 1204 2415 im·

143 2471 294 2554 petrose
306 2459 532 2559 irrumperet,
548 2459 788 2550 Ravendinos,
804 2483 887 2531 cum
902 2459 1053 2556 lingerio
1069 2463 1106 2530 in
1122 2457 1207 2533 hos-

143 2585 218 2646 ten
238 2597 406 2672 pergens,
426 2589 552 2672 captim
572 2589 642 2665 est,
662 2593 698 2648 et
722 2600 767 2646 xv
790 2574 944 2647 millibus
961 2573 1131 2646 bizanteis
1147 2597 1207 2645 re-

143 2685 313 2788 demptus
330 2703 395 2762 cst.
416 2694 537 2788 ipsum
554 2714 703 2789 nempe,
727 2692 813 2788 quia
831 2693 973 2762 Graecus
992 2703 1083 2779 erat,
1102 2687 1206 2758 Turci

145 2827 221 2876 non
241 2803 425 2894 leserunt,
446 2806 568 2903 eique,
596 2820 669 2877 tam
692 2829 759 2904 pro
785 2805 912 2877 notitia
928 2803 1052 2875 umnec
1071 2801 1203 2898 gentis,

144 2941 255 3017 quarn
281 2945 350 3019 pro
374 2921 496 2994 farore
524 2921 689 3016 Augusti,
719 2933 973 3019 pepercerunt,
997 2931 1034 2990 et
1062 2929 1208 3015 accepta

146 3155 241 3230 linger
252 3175 288 3214 en
303 3160 384 3214 4449.
400 3156 424 3212 44
441 3175 459 3229 y
476 3175 492 3212 e
505 3173 606 3212 encore
618 3173 674 3212 nne
687 3167 766 3212 autre
781 3157 971 3212 circonstance
986 3155 1036 3229 qui
1050 3171 1086 3210 ne
1099 3164 1208 3227 permet

145 3240 284 3314 d‘ajnuter
295 3260 404 3297 aucune
413 3240 452 3297 soi
463 3244 522 3298 icc
532 3241 611 3306 tecit,
624 3240 801 3296 risiblement
812 3242 964 3296 controuve'
976 3263 981 3293 :
993 3239 1058 3296 c’est
1069 3256 1124 3314 qne
1135 3239 1208 3299 Ban-

145 3328 234 3384 donin
244 3329 279 3382 1⁰·
291 3329 368 3385 n’eut
381 3329 461 3402 point
472 3329 507 3384 de
520 3329 668 3400 posterite,
681 3338 775 3404 etque
787 3326 855 3382 celle
866 3327 902 3383 de
914 3325 1060 3383 llandnuin
1071 3325 1101 3382 11
1112 3325 1209 3381 n’etait

145 3435 195 3491 pra
211 3419 437 3492 contemporales
450 3417 581 3474 d’Alcxir.
597 3418 645 3474 On
658 3435 752 3486 verra,
767 3436 818 3492 par
831 3437 863 3474 ce
874 3419 923 3494 qui
936 3419 1006 3487 snit,
1020 3435 1076 3492 qne
1090 3417 1158 3472 c'crt
1172 3414 1207 3470 de

145 3515 219 3564 oute
228 3505 360 3564 *deniers
371 3505 541 3580 qn¹0rderic
553 3525 568 3561 a
579 3505 664 3564 ronlu
678 3505 777 3580 parler.

181 3595 221 3650 Ce
235 3613 270 3651 ne
282 3596 327 3652 lut
342 3613 391 3670 pet
404 3595 497 3652 Alexis
513 3596 657 3652 Contnlne
672 3596 722 3670 qui
735 3595 855 3652 chereha
870 3599 887 3652 i
904 3597 1006 3652 marier
1023 3613 1070 3652 son
1088 3593 1130 3649 lilr
1145 3610 1209 3662 auec

146 3679 302 3738 l’heritilrc
312 3681 494 3750 d‘Antiocbe,
509 3684 577 3738 meis
588 3682 655 3738 bien
667 3702 698 3737 cc
711 3682 824 3738 dernier
835 3685 884 3757 qui
898 3683 994 3738 voulut
1007 3682 1031 3737 la
1045 3683 1114 3737 faire
1124 3683 1210 3756 epon-

147 3787 191 3824 rer
202 3771 220 3824 i
233 3787 283 3826 ron
297 3769 339 3827 fils
353 3769 431 3838 aine,
448 3769 576 3838 Manucl,
592 3772 629 3825 ne
640 3789 676 3826 en
690 3771 770 3830 4420.
786 3771 871 3825 Irrite
881 3769 916 3824 de
927 3768 952 3823 la
964 3770 1125 3843 preference
1136 3767 1209 3823 don·

147 3859 198 3914 nte
209 3862 227 3914 i
240 3858 389 3927 balmond,
403 3858 578 3932 l'Empercnr
591 3869 704 3934 altaque
716 3860 742 3916 la
754 3859 865 3931 cilicie,
878 3859 941 3933 puis
953 3869 1054 3916 tourna
1066 3873 1210 3914 aetarnae·

146 3959 245 4004 contre
256 3948 283 4004 lc
294 3949 391 4024 prinoe
401 3947 574 4018 d’Armenie,
586 3947 651 4004 attis
661 3947 697 4012 de
709 3949 779 4006 celui
794 3947 973 4006 d’Antiocbe.

182 4035 237 4092 Ces
255 4037 433 4094 evenemcnu
449 4037 602 4110 parairrent
618 4035 699 4091 r'etre
716 4039 808 4110 pestes
825 4037 861 4093 de
877 4039 949 4094 ttae
966 4039 982 4092 l
1000 4035 1080 4092 4437.
1098 4031 1124 4088 11
1140 4033 1211 4087 n'est

146 4121 220 4179 (lone
232 4141 280 4197 pat
292 4123 454 4198 impossible
462 4125 548 4199 qu'nn
561 4124 631 4179 tecit
642 4121 767 4198 (letigum
778 4144 813 4182 en
826 4127 880 4182 soit
891 4125 980 4180 arrivt
990 4125 1006 4178 i
1018 4132 1098 4178 notre
1110 4129 1209 4178 auteur

147 4221 229 4268 arant
241 4213 311 4286 qn’il
323 4214 373 4270 etit
385 4214 505 4269 termini
519 4231 568 4269 ron
582 4231 711 4286 ouuuge.
