2888 4934
187 461 397 539 [1090-1400]
563 457 681 519 LIBER
700 457 886 521 DECIMUS.
1208 462 1249 522 75

187 588 341 662 modum
357 589 412 686 (1)
431 587 535 660 taetau
554 604 657 679 sunt,
682 605 720 662 et
736 613 815 688 quae
838 589 1077 689 promiserant
1096 589 1249 664 fideliter

187 704 473 803 compleverunt.
503 707 703 803 Imperator
733 719 855 777 autem
886 704 1068 777 venientes
1094 710 1250 779 Francos

186 817 389 892 honorilice
402 819 570 917 suscepit,
585 834 635 908 et,
651 817 780 891 auditis
793 817 1019 918 pactionibus
1032 844 1120 917 quas
1134 821 1252 897 Achaei

187 936 399 1034 pepigerant
419 948 456 1007 et
475 934 567 1006 Galli
589 949 858 1024 concesserant,
877 934 1064 1024 exultavit,
1083 950 1120 1007 et
1136 938 1250 1036 impe-

188 1049 267 1121 riali
283 1051 497 1122 auctoritate
511 1049 749 1123 confirmavit.
775 1055 988 1123 Permanere
1005 1076 1089 1123 cum
1105 1050 1166 1123 illo
1184 1076 1252 1125 vo·

188 1163 346 1239 lentibus
360 1190 509 1263 magnos
526 1165 683 1238 honores
699 1165 842 1257 obtulit,
861 1164 1094 1239 redeuntibus
1109 1190 1196 1239 vero
1214 1167 1252 1237 in

189 1281 370 1353 Occiduas
382 1297 500 1381 partes
512 1282 609 1380 larga
621 1282 724 1354 xenia
738 1280 897 1354 donarit.
912 1280 1134 1355 Raimundus
1150 1306 1250 1380 ergo,

188 1392 386 1464 'l'olosanus
405 1417 544 1483 comes,
569 1392 730 1491 quandiu
749 1395 852 1484 vixit,
876 1418 960 1465 cum
981 1393 1044 1466 illo
1062 1417 1253 1466 conversa·

190 1521 247 1580 tus
272 1521 342 1596 est,
364 1523 399 1579 et
415 1507 509 1580 inter
525 1508 714 1581 familiares
732 1510 901 1581 convivas
923 1510 999 1606 ejus
1021 1533 1064 1580 ac
1085 1506 1253 1580 consilia-

190 1620 421 1697 rins'habitus
437 1640 501 1698 est.
522 1630 626 1697 Hunc
639 1631 814 1723 Augustus
831 1625 1009 1724 praecipue
1023 1622 1203 1720 diligebat,
1220 1635 1256 1693 et

189 1736 345 1812 libenter
360 1762 445 1811 eum
460 1739 646 1831 audiebat,
671 1741 757 1839 quia
779 1741 898 1838 ipsum
920 1764 987 1838 pro
1004 1738 1174 1811 fidelitate
1190 1761 1255 1811 sua

190 1856 422 1953 pertinaciter
439 1857 652 1929 Buamundo
675 1857 711 1927 in
729 1854 916 1928 Antiochia
933 1855 1101 1927 restitisse
1118 1877 1255 1951 cogno·

190 1984 302 2044 verat.
332 1975 431 2044 Uxor
454 1996 600 2071 quoque
629 1973 705 2071 ejus
727 1972 800 2070 (2),
828 1971 901 2044 filia
929 1970 1140 2044 Hildellonsi
1164 1971 1256 2068 regis

190 2086 354 2178 Galiciae,
386 2111 471 2160 cum
503 2089 566 2160 illo
598 2103 673 2162 tam
700 2089 906 2161 diuturnam
932 2089 1260 2188 peregrinationem

190 2204 348 2302 peregit,
366 2217 402 2277 et
420 2203 547 2294 fitium,
566 2205 713 2277 nomine
728 2204 978 2277 Hildesonsum
991 2206 1061 2302 (3),
1080 2207 1254 2277 Constan-

222 2512 265 2583 (4)
282 2509 332 2565 Gt.
345 2510 398 2565 int.
412 2534 419 2564 :
434 2511 527 2566 valde.

224 2597 267 2672 (2)
286 2596 396 2670 Elvira,
412 2597 468 2654 fille
488 2598 623 2655 naturelle
640 2599 813 2673 d'Alpbonse
830 2597 1080 2661 V1‚roidel„e'on
1097 2607 1125 2652 et
1142 2596 1178 2650 de
1191 2598 1258 2652 Cas-

190 2687 266 2755 tille,
286 2704 343 2762 que
362 2688 389 2743 lo
407 2698 498 2745 comte
513 2688 548 2744 de
566 2688 709 2744 Toulouse
728 2689 800 2743 avait
818 2690 937 2761 epousee
952 2707 987 2742 en
1003 2686 1158 2742 troisiemes
1177 2703 1260 2739 noces

191 2792 224 2831 en
237 2777 321 2834 4091.

227 2867 269 2937 (3)
295 2865 604 2939 ΔΙρὴοηςε-Ιουτᾶιίιι,
629 2867 698 2922 ainsi
720 2868 882 2922 aurnommd
902 2882 984 2938 parre
1004 2863 1072 2937 qu’il
1091 2863 1135 2916 fut
1153 2861 1261 2933 baptiste

191 2952 262 3009 daus
271 2954 343 3009 l'eau
354 2953 390 3008 de
403 2973 434 3009 oe
446 2953 550 3023 flente,
565 2957 664 3029 naquit
676 2975 711 3010 en
726 2959 810 3021 4103,
824 2973 879 3009 nou
893 2955 973 3026 point
984 2956 999 3007 1
1011 2949 1259 3023 Constantinople,

192 3059 302 3098 comme
318 3042 344 3099 le
361 3043 404 3103 dit
418 3054 499 3099 notre
514 3055 624 3110 auteur,
638 3047 707 3099 mais
719 3048 734 3100 1
747 3044 968 3108 biom-Polemo,
983 3043 1046 3116 pres
1059 3040 1179 3115 Tripoli.
1194 3041 1260 3094 Em·

192 3135 322 3188 meneeu
333 3133 440 3188 France
454 3152 490 3188 err
508 3132 622 3201 4107,11
639 3133 756 3189 succede
772 3136 788 3187 a
804 3151 853 3186 sou
869 3131 942 3185 frere
956 3131 1105 3203 Bertrand,
1119 3149 1154 3185 en
1173 3131 1259 3196 1141,

191 3221 262 3278 dans
277 3223 305 3278 le
316 3225 410 3278 comte
421 3221 457 3278 de
470 3223 627 3294 Tonlonse,
639 3235 668 3280 et
681 3233 794 3279 mourut
810 3241 846 3276 en
862 3222 1016 3291 Palestine‚
1029 3240 1091 3276 rers
1102 3219 1127 3275 la
1142 3220 1261 3275 mi-arril

193 3313 279 3381 4118,
293 3312 478 3385 empsisonne
491 3330 542 3386 par
553 3311 577 3367 la
592 3314 670 3368 reine
684 3311 845 3367 ilelisende.

228 3398 268 3456 be
282 3409 378 3456 comte
394 3398 550 3468 Haimond,
565 3418 615 3456 son
632 3401 713 3473 pere,
730 3401 798 3455 dtait
813 3402 829 3454 a
845 3398 1092 3472 Constantinople,
1112 3398 1211 3470 auprls
1225 3395 1262 3451 de

193 3486 383 3562 luporem,
402 3488 499 3563 quand
522 3487 562 3545 les
581 3490 683 3545 emises
703 3487 739 3545 de
758 3492 824 3546 4401
848 3490 1050 3562 yarrirereut.
1074 3488 1163 3561 Apres
1185 3487 1263 3542 avoir

194 3574 310 3633 t'rnord
328 3576 421 3632 Mose
432 3577 468 3633 de
479 3576 541 3633 leur·
552 3579 640 3634 servir
652 3578 687 3633 de
701 3577 799 3651 gulde,
813 3577 834 3632 il
845 3577 886 3632 les
901 3577 1034 3652 rejoignit
1049 3587 1078 3632 et
1094 3575 1134 3631 les
1152 3593 1262 3630 accom-

195 3684 283 3741 μμι
297 3665 412 3741 jusqu’l
430 3666 552 3721 Tortose
569 3666 736 3733 seulement,
754 3668 791 3722 orl
813 3666 831 3721 11
847 3666 982 3729 s’etablit,
999 3664 1034 3720 de
1052 3665 1176 3719 maniere
1194 3663 1264 3737 qu'il

195 3756 319 3831 &kappa
334 3758 351 3810 a
367 3753 430 3810 leur
446 3753 647 3829 eponrantable
662 3754 794 3811 desastre.
808 3756 850 3810 De
863 3754 889 3810 11
902 3754 921 3810 11
934 3773 962 3809 se
979 3754 1072 3810 rendit
1084 3752 1185 3808 devant
1196 3751 1263 3806 Tri·

196 3840 251 3915 μὶ
261 3840 300 3901 ‹te
310 3842 407 3918 Syria,
419 3853 452 3899 et
460 3842 533 3900 htttr
544 3862 616 3918 pour
629 3844 668 3901 les
680 3845 790 3900 besoins
803 3844 843 3898 dn
854 3845 930 3918 siege
944 3843 980 3899 de
993 3853 1066 3898 cette
1080 3840 1144 3897 ville
1157 3841 1183 3896 le
1195 3839 1263 3895 chal-

197 3940 259 3991 Ν
268 3930 306 3990 de
316 3932 538 4002 blunt-Pelerin,
553 3936 591 3988 orl
603 3934 622 3989 il
634 3944 750 3989 mourut
761 3934 787 3989 le
799 3937 834 3993 28
851 3934 951 3989 ferrier
963 3939 975 3991 4
981 3939 993 3991 4
999 3937 1042 3989 05.
1052 3933 1088 3988 La
1099 3931 1163 3986 ville
1174 3931 1265 3985 meme

199 4016 353 4099 &Tripoli
366 4040 403 4076 ne
414 4021 458 4077 sut
468 4023 541 4096 prise
555 4023 637 4097 qu’en
651 4026 720 4080 4409
734 4042 784 4096 par
798 4022 836 4077 les
848 4025 967 4091 croise's,
981 4023 1029 4097 qui
1043 4040 1077 4077 en
1089 4020 1265 4094 disponerent

200 4123 233 4165 n
243 4108 340 4168 urens
353 4109 390 4167 de
403 4109 557 4180 Bertrand,
573 4130 622 4167 son
636 4111 678 4166 fils
692 4113 764 4167 aine.

112 4184 118 4199 ’
231 4198 268 4257 1ae
288 4210 384 4259 eante
404 4199 441 4258 de
464 4200 606 4257 Tonloure
630 4202 698 4257 etait
721 4201 763 4256 fils
786 4201 869 4257 ‹l'uue
897 4203 973 4256 mere
998 4199 1161 4271 (Almodis)
1184 4195 1262 4252 telle-
