3140 5076
171 505 409 586 [maiorue]
496 501 615 564 uranu
634 499 903 566 uuonncruus.
1168 505 1230 566 aru

170 635 343 723 venisset,
370 631 598 722 Gulllelmus,
628 631 937 730 eloquentissimus
961 633 1118 730 juvenis,
1151 635 1230 732 epi-

173 773 306 848 scopus
336 748 605 838 sanctonensis,
633 763 670 824 ct
695 746 815 844 plures
841 748 998 847 episcopi
1024 763 1060 824 et
1084 747 1230 822 abbates

171 865 219 942 ds
241 864 430 962 Aquitanis
453 878 699 953 surrexerunt,
724 877 760 935 et
783 861 947 940 eumdem
973 865 1231 961 aquitanorum

170 982 303 1058 ducem
323 995 597 1071 excusaverunt,
620 992 861 1054 asseverantes
881 979 980 1075 quud
995 979 1062 1054 iter
1078 977 1125 1052 ad
1141 1003 1229 1050 corr·

171 1097 295 1172 cilium
312 1097 447 1186 inierit,
469 1095 532 1172 sed
552 1083 759 1194 aegritudine
774 1093 939 1172 detentus
955 1095 1071 1170 obiter
1087 1119 1231 1170 reman-

170 1214 268 1286 serit.
296 1213 459 1310 Denique
481 1217 577 1310 Papa
601 1210 816 1286 infirmitatis
839 1233 945 1284 causa
966 1211 1230 1286 excusationem

171 1329 339 1426 suscepit,
357 1327 519 1402 inducias
535 1325 647 1417 dedit,
666 1341 876 1424 certumque
892 1328 1083 1402 terminum
1098 1327 1231 1398 consti·

172 1444 253 1533 tuit,
272 1467 347 1540 quo
364 1442 491 1516 consul
506 1442 553 1516 ad
569 1441 741 1540 placitum
756 1441 793 1514 in
810 1441 946 1514 curium
963 1445 1064 1541 Papae
1079 1441 1229 1529 veniret,

171 1581 216 1629 ac
239 1572 300 1630 aut
325 1557 518 1654 legitimam
544 1581 692 1630 uxorem
716 1557 907 1654 reciperet,
935 1572 994 1632 aut
1018 1581 1086 1655 pro
1110 1556 1232 1630 illicito

171 1671 325 1770 repudio
340 1673 554 1746 sententiam
571 1671 807 1746 anathematis
825 1671 973 1744 subiret.

220 1786 359 1860 Deinde
368 1786 1230 1884 barbatus(l)audinus,libroioensitepiscopus,

171 1901 368 1976 clamorem
387 1901 433 1974 de
448 1901 625 1974 Amalrico
642 1902 742 1992 lecit,
764 1927 786 1974 a
807 1927 881 2000 quo
898 1916 987 1974 etse
1005 1903 1153 2001 turpiter
1167 1926 1233 1974 ex·

171 2017 334 2116 pulsum,
357 2031 393 2090 et
413 2018 636 2116 episcopium
655 2017 942 2091 abominabiliter
962 2019 1145 2090 insensum
1168 2014 1232 2089 de·

171 2132 368 2206 nunciavit.
380 2133 544 2206 Protinus
557 2149 712 2208 econtra
724 2134 930 2234 capellanus
939 2131 1234 2232 Amalricipalnm

172 2246 428 2345 respondendo
445 2247 615 2322 audacter
632 2251 799 2340 occurrit,
818 2263 854 2322 et
870 2247 1081 2324 mendacem
1099 2249 1235 2347 episco-

171 2387 261 2460 pum
278 2361 416 2460 liquido
433 2387 557 2436 coram
575 2366 675 2438 omni
690 2381 786 2439 coetu
803 2366 995 2439 vocitavit:
1012 2371 1096 2440 Nou
1110 2364 1235 2438 Amal·

172 2479 282 2564 riou,
311 2478 446 2575 inquit,
470 2477 535 2550 sed
551 2482 709 2578 nequitia
731 2497 792 2552 tria
813 2498 847 2553 te
869 2483 995 2553 urerito
1017 2480 1172 2580 expulit,
1200 2495 1238 2549 et

170 2593 384 2688 eprbcnpium
408 2591 604 2666 combussit.
632 2601 714 2692 Ipse
734 2595 909 2694 profecto,
940 2621 1045 2694 quem
1075 2619 1140 2667 rex
1166 2617 1235 2689 per

160 2701 438 2799 fraudulentum
469 2707 726 2805 malignitatem
759 2728 856 2784 mam
887 2707 1159 2792 exhereditavit,
1196 2721 1237 2777 ut

169 2823 433 2894 scaminus
451 2821 567 2908 mites,
587 2829 700 2896 armo
712 2824 853 2921 pollens
872 2840 911 2896 et
923 2824 1063 2908 amicir,
1082 2820 1235 2894 debitttm

170 2937 339 3010 hamram
361 2940 590 3036 recuperavit.
613 2943 691 3012 Rex
711 2939 883 3039 siqru'dem
899 2965 980 3011 eum
991 2937 1154 3037 pluraliter
1169 2961 1234 3008 ca-

172 3057 279 3126 tervis
298 3081 441 3128 sunrrmr
468 3055 587 3128 urbem
614 3055 760 3143 ohsefit,
791 3060 1006 3156 imperiisque
1034 3073 1095 3128 tuo
1119 3060 1235 3154 r'gnem

172 3169 315 3266 inj'sdt,
345 3187 382 3242 et
404 3169 568 3244 basilicas
591 3197 713 3248 cmm
732 3197 812 3244 cum
834 3170 963 3243 edibus
988 3172 1232 3243 concremavit.

176 3283 269 3370 Tali,
282 3300 448 3383 tantoque
459 3283 744 3386 dunuroperacto
754 3289 907 3374 recessit,
923 3285 1236 3359 necndltucarusm

170 3423 234 3470 ssu
260 3402 433 3476 diluam
460 3399 620 3474 uba'rudt.
656 3401 786 3474 Videat
806 3419 843 3479 et
857 3401 997 3501 judicet
1017 3403 1089 3474 linc
1111 3417 1236 3473 sancta

169 3516 353 3610 syvmdmr
372 3520 452 3617 quis
470 3521 584 3617 magis
598 3543 673 3616 pro
689 3518 874 3592 mordentis
899 3518 1052 3591 eoelesiir
1068 3516 1234 3590 madem-

171 3631 314 3706 naudru·
327 3649 397 3721 est,
418 3631 581 3705 Audiens
597 3659 647 3704 an
662 3635 894 3708 Amorem?
986 3679 990 3684 -

207 3879 248 3951 (l)
265 3879 306 3936 Ge
324 3879 416 3954 prdlut
430 3881 549 3954 potuit,
572 3899 683 3937 comme
702 3900 772 3940 nous
790 3901 894 3939 renunt
914 3884 950 3939 de
970 3883 996 3938 le
1014 3883 1084 3951 volr,
1106 3882 1132 3936 la
1152 3879 1238 3938 hurbe

171 3965 413 4046 innocentiana
425 3967 460 4028 de
471 3968 558 4031 deun.
572 3969 654 4042 lln’v
666 3971 810 4042 avaitrjieo
823 3975 839 4028 l
853 3969 992 4046 repnudre
1002 3991 1038 4030 au
1049 3969 1174 4028 dementi
1185 3970 1237 4042 qni

171 4050 212 4106 lni
229 4055 273 4108 lut
290 4055 383 4111 donne?
402 4075 436 4111 an
456 4077 521 4116 nom
542 4058 708 4131 d’Amalric,
729 4061 861 4138 puisqu'il
880 4063 947 4120 ‹itait
965 4061 1050 4116 tonde
1067 4077 1115 4113 snr
1134 4058 1159 4112 la
1173 4058 1236 4130 plna

171 4151 266 4196 exacte
282 4145 384 4212 verite,
399 4147 471 4202 aussi
487 4165 514 4203 sa
531 4146 680 4204 demarcho
696 4147 874 4221 imprudente
889 4169 923 4205 ne
937 4150 975 4204 lui
989 4145 1167 4204 attira-t-cllc
1180 4163 1235 4222 que

172 4226 222 4283 des
233 4228 435 4296 humiliatione.
497 4265 501 4276 ‚
