2888 4934
178 423 314 500 [ociosus
336 420 425 496 1119]
504 418 622 480 LIBER
642 414 908 475 ouonsscfflus.
1176 417 1233 478 ³81

177 576 261 623 rum
295 551 466 620 nutricem
501 548 612 621 lucide
649 547 818 631 rr'eiemus,
857 551 893 616 in
925 547 1084 618 omnibus
1116 546 1237 644 ubique

176 665 355 752 ferventer·
369 665 537 761 amplecti
551 663 722 748 debemus,
744 660 979 735 indesinenter
993 688 1145 750 servare,
1165 689 1237 734 om·

177 778 282 853 nebus
306 784 499 877 imperare,
522 779 629 851 verbis
651 795 688 850 et
709 778 881 874 exemplis
899 779 1107 874 praedicare.
1135 785 1237 850 Hanc

178 898 254 992 ipse
274 895 448 978 Christus,
468 892 519 964 ad
532 897 737 964 Passionem
751 917 963 989 properans,
985 898 1057 965 suis
1075 894 1233 993 reliquit,

177 998 300 1083 itabens
316 1038 327 1081 .·
345 1039 363 1078 a
380 1014 509 1080 Pacem
533 1010 693 1107 relinquo
715 1007 821 1095 vobis,
842 1033 965 1105 pacem
983 1036 1099 1082 meam
1115 1010 1160 1082 do
1177 1036 1237 1081 vo-

178 1123 244 1196 bis.
260 1152 279 1190 »
299 1130 402 1195 Hanc
417 1122 577 1195 eamrlem
594 1127 668 1220 ipse
684 1148 867 1221 resurgens
882 1149 928 1193 ese
944 1129 1089 1197 mortuis
1106 1152 1238 1223 reprae-

177 1244 340 1328 sentavit,
360 1239 476 1310 dicens
499 1267 509 1308 .·
529 1267 548 1305 a
565 1243 647 1309 Pus
667 1238 775 1309 robis!
790 1268 808 1306 n
831 1243 963 1336 Magno
976 1244 1074 1338 quies
1090 1257 1127 1311 et
1138 1266 1238 1311 secu-

179 1359 273 1428 ritas
285 1372 340 1426 est
352 1354 411 1426 ubi
417 1380 498 1452 pau
512 1371 638 1452 regnat
642 1385 655 1439 ;
669 1352 771 1424 dolor
783 1369 822 1424 et
833 1351 1008 1426 tribulatio
1025 1357 1105 1426 terit
1117 1381 1239 1426 omnes

179 1458 217 1542 et
234 1473 372 1543 cruciat
390 1495 475 1567 quos
498 1472 554 1539 ira
579 1467 671 1539 rodit
695 1493 738 1538 ac
759 1466 936 1539 discordia
959 1469 1128 1541 stimulat.
1157 1474 1238 1540 Pas:

179 1601 233 1657 est
259 1584 391 1656 blanda
425 1600 460 1654 et
489 1583 641 1655 salubris
670 1586 910 1655 concatenatio
944 1583 1234 1670 cohabitantium,

180 1703 346 1798 omni‘que
379 1715 549 1770 creaturae
584 1699 755 1770 rationali
782 1697 950 1797 generale
985 1696 1130 1783 bom,
1171 1725 1239 1797 quo

181 1815 467 1889 indissolubiliter
498 1818 585 1887 neci
611 1815 763 1886 eoekstes
788 1813 960 1914 gaudent,
994 1818 1240 1914 terrigenoeque

179 1931 293 2003 simili
310 1956 404 2001 nexu
422 1930 585 2028 colligari
596 1930 733 2028 jugiter
750 1928 909 2028 indigent
915 1959 929 2016 ;
950 1931 1026 2000 sine
1044 1956 1115 2029 qua
1127 1934 1240 2027 pesti-

181 2045 293 2127 lentes
303 2049 471 2116 timentur
477 2063 513 2117 et
521 2049 656 2131 timent,
668 2061 715 2130 et,
728 2071 910 2143 nunquam
916 2048 1041 2130 securi,
1055 2044 1241 2118 turbantur

178 2166 389 2233 etmoerent.
410 2165 514 2230 Hanc
529 2164 636 2258 igitur
653 2163 827 2246 virtutem,
848 2186 954 2259 quam
971 2177 1113 2258 appeto,
1134 2186 1240 2259 quam

179 2301 229 2347 ee
250 2281 456 2347 sanctarum
480 2280 688 2349 auctoritate
712 2280 995 2374 Scripturarum,
1022 2282 1058 2350 'et
1081 2278 1244 2377 generali

179 2389 432 2487 approbatione
437 2390 588 2486 publicu
599 2392 866 2479 commoditates,
882 2417 1103 2492 summopere
1119 2394 1236 2479 murlo,

180 2507 341 2577 totom'su
348 2507 537 2602 inquirere,
554 2510 637 2577 etin
649 2524 722 2579 tota
734 2511 804 2578 Dei
811 2507 981 2595 Ecclesia,
995 2509 1071 2605 ipso
1075 2510 1235 2607 juvante,

178 2617 382 2717 diffundere
396 2623 557 2692 uiuaciter
571 2621 767 2694 elaborabo.
788 2625 947 2694 Trebiam
960 2625 1040 2708 Dei,
1059 2624 1149 2693 sicut
1161 2647 1240 2692 eam

178 2750 310 2807 sanem
322 2738 499 2807 anemoria
511 2735 673 2808 Urbanus
683 2742 787 2833 Papa
801 2740 839 2807 in
851 2736 999 2807 concilio
1013 2735 1242 2807 Clarimontis

180 2849 368 2950 teneam
382 2853 572 2937 constituit,
591 2852 770 2947 praecisio,
789 2867 823 2921 et
836 2851 977 2948 'reliqua
993 2849 1143 2938 decreta,
1165 2876 1241 2948 quse

179 2963 407 3038 s'bia'sanotis
420 2964 587 3036 Patribus
600 2967 740 3036 sancita
754 2981 853 3051 sunt,
873 2990 918 3036 ea
934 2967 1141 3035 attctoritate
1155 2968 1236 3051 Dei,

178 3084 347 3165 “sancti
364 3082 477 3164 Petri,
498 3081 679 3177 Apostoli,
699 3084 928 3178 'omniumque
949 3083 1161 3151 Sanctorum
1174 3082 1243 3150 Dei

179 3196 364 3288 oarfirmo.
400 3200 599 3292 Imperator
629 3196 911 3268 Alemannor'um
942 3194 1122 3266 mandavit
1153 3195 1242 3266 milri

181 3314 414 3382 ut'Moionem
427 3327 584 3381 castrum
598 3311 653 3405 (1)
669 3309 808 3396 adeam,
829 3308 942 3407 ibique
953 3334 1082 3407 pacem
1095 3335 1174 3381 cum
1184 3335 1236 3395 eo,

180 3420 231 3495 ad
238 3425 425 3496 utilitatem
437 3441 568 3496 sanctu
579 3427 705 3496 matris
717 3425 891 3511 numm,
898 3423 1053 3521 saccom,
1071 3423 1163 3496 Illuc
1175 3426 1241 3495 uti·

180 3564 248 3638 que
257 3566 329 3637 pro
337 3567 427 3638 paee
442 3540 663 3612 laboraturus
676 3566 770 3612 nunc
783 3539 848 3624 ibo,
866 3557 901 3610 et
913 3543 1131 3637 coepiscopos
1147 3565 1241 3610 meos

181 3658 386 3728 Remensem
401 3673 435 3728 et
450 3661 752 3755 Rotomagensem,
771 3672 808 3728 et
817 3654 908 3727 altos
921 3655 1089 3753 quosdam
1106 3655 1150 3727 de
1155 3655 1241 3752 fra·

181 3766 291 3841 tribus
308 3787 345 3841 et
360 3774 569 3868 coepiscopis
594 3773 723 3842 nostris
744 3795 879 3841 mecum
902 3769 1041 3842 minabo
1062 3772 1135 3868 (2),
1155 3794 1241 3868 quos

214 4062 256 4131 (1)
273 4063 392 4118 Mouzon
407 4065 593 4133 (Ardennes).

216 4149 256 4220 (2)
275 4151 309 4204 le
320 4152 478 4217 conduimi,
493 4152 662 4222 j'anibnerai.
