3130 5058
170 509 381 591 [russos]
510 507 628 572 arran
649 507 890 572 uroncruus.
1170 515 1232 575 sss

170 643 337 744 preciosi,
350 666 510 741 purpura
523 642 735 734 etscricum,
752 658 788 715 et
800 643 962 718 omnium
975 645 1080 744 copia
1093 643 1232 720 divitia·

169 781 265 830 rum.
277 756 383 828 uivus
395 756 501 828 etiarn
513 754 701 829 abundans
709 756 755 830 de
763 757 945 856 Euphrate
953 757 1025 831 illic
1035 757 1229 854 oriebatur,

169 873 234 970 qui
260 870 494 944 subterraneo
518 870 633 944 canali
660 871 812 945 mirabili
841 887 916 945 arte
940 872 1229 968 conducebatur,

168 1000 207 1057 et
222 985 391 1058 omnibus
406 986 552 1058 inclusis
566 986 610 1058 ad
624 1011 708 1060 usus
722 989 939 1060 necessarios
952 987 1106 1061 ubertim
1120 988 1233 1062 famu·

168 1097 322 1172 labatur.
350 1098 556 1172 Subsidium
580 1125 666 1173 vero
693 1101 794 1200 panis
820 1116 855 1173 et
881 1102 972 1192 vini,
1000 1103 1233 1201 carniumque

169 1215 385 1306 recentium,
405 1241 468 1291 seu
488 1216 734 1307 rancidarum,
754 1216 851 1290 mille
869 1217 1038 1292 militibus
1055 1217 1232 1318 usquead

168 1329 297 1406 decem
315 1355 430 1404 annos
445 1331 654 1405 sufficiebat.
675 1330 778 1406 Unde
795 1333 998 1406 animositas
1014 1338 1234 1406 Francorum

169 1443 326 1518 reditum
344 1445 511 1518 loscelini
526 1471 610 1519 curn
628 1446 758 1519 auxilio
781 1446 1063 1520 Christianorum
1085 1463 1233 1547 presto-

169 1559 237 1632 lari
251 1559 463 1634 fiducialiter
478 1575 632 1661 poterat.

220 1677 353 1750 Anxius
368 1678 474 1776 igitur
491 1676 599 1751 Balad
616 1677 828 1749 Balduinum
844 1701 963 1776 regem
980 1701 1046 1775 per
1061 1677 1234 1752 excellen-

170 1804 225 1864 tes
246 1791 381 1889 legatos
400 1815 492 1893 saepe
511 1792 666 1890 rogavit,
691 1791 803 1864 multa
824 1792 1037 1891 spopondit,
1061 1817 1233 1865 nonnun-

168 1929 280 2003 quam
290 1933 467 1981 verocum
478 1906 753 2008 exprobratione
761 1931 884 1980 severa
893 1907 1086 2007 redarguit.
1102 1913 1230 2007 Turpe,

168 2021 302 2119 inquit,
310 2024 472 2120 sueinus,
494 2049 515 2098 o
534 2049 611 2112 rex,
622 2040 824 2122 perpetras,
847 2023 939 2096 unde
957 2050 1052 2097 nurac
1070 2042 1108 2098 et
1122 2025 1234 2122 insu·

169 2139 261 2208 trans
288 2138 570 2238 generationibus
603 2155 664 2210 tica
694 2137 938 2236 despicabilior
964 2141 1033 2211 erit
1058 2139 1229 2238 probitas.

169 2253 268 2324 Prole
285 2253 425 2352 pudori
447 2253 578 2328 nobiles
603 2271 787 2328 matronas
812 2253 1000 2328 crudeliter
1018 2253 1172 2355 affligas,
1199 2273 1236 2328 et

168 2368 370 2442 indecenter
396 2373 567 2469 opprimis
571 2401 587 2459 ;
614 2369 710 2470 quud
730 2397 795 2444 nec
818 2373 922 2471 regin
943 2372 1229 2471 magnificentie,

169 2485 794 2586 necabruttianaerelip‘ouicongruit.
810 2491 946 2560 Uxores
954 2511 1052 2559 meas
1064 2490 1229 2574 inermes,

169 2624 236 2672 nec
253 2617 287 2672 te
307 2627 463 2700 unquam
479 2605 518 2674 in
535 2600 655 2700 aliquo
674 2599 847 2689 ledentes,
869 2627 981 2700 quare
999 2603 1105 2674 velasti
1119 2605 1232 2699 capti·

169 2737 232 2786 vas
248 2717 288 2787 in
308 2741 450 2790 carcere
470 2718 602 2788 rinctus
621 2717 775 2788 retines?
795 2718 949 2816 Reginus
969 2714 1013 2787 de
1036 2717 1132 2814 regio
1149 2739 1234 2785 san

164 2833 274 2929 guine
301 2849 399 2906 ortas
426 2859 490 2906 cur
518 2835 622 2931 quasi
637 2830 745 2929 fures
770 2856 832 2903 seu
854 2830 1055 2929 proditores
1088 2829 1233 2902 vinculis

167 2952 551 3024 coartasiMacimum
567 2947 714 3020 dedecus
732 2962 785 3018 est
799 2949 899 3045 genti
913 2962 980 3018 tue
995 2943 1091 3044 qaod
1104 2969 1232 3042 perpe·

169 3079 258 3152 tras,
270 3080 305 3136 et
317 3064 481 3164 religioni
488 3079 554 3136 tttae
555 3087 626 3160 per
633 3077 758 3134 cuncta
768 3061 898 3134 secula
908 3059 1104 3136 execrabile
1113 3059 1227 3158 nefas.

171 3177 333 3267 Obsecro,
349 3179 509 3272 ferreum
518 3191 643 3275 pectus
656 3193 754 3248 tuum
767 3176 899 3264 emolb',
919 3201 1072 3274 meaeque
1087 3199 1231 3274 compa·

169 3309 244 3366 tere
258 3298 442 3383 senectuti,
457 3293 694 3394 sentiremque
705 3318 818 3391 parce
823 3291 1037 3394 fragilitati.
1059 3291 1233 3394 Conjuges

168 3436 268 3485 meas
277 3412 367 3486 mibi
375 3409 492 3499 redde,
507 3435 634 3510 queso,
648 3427 684 3484 et
692 3413 916 3484 securitatem
922 3409 986 3482 sab
990 3407 1232 3510 jurejurando

167 3525 242 3615 tt'bi,
263 3529 398 3626 mirque
409 3524 511 3612 dabo,
528 3525 816 3625 mennamque
828 3525 1232 3613 adunumannumpw·

169 3643 290 3716 tesam
307 3640 463 3739 anferam
483 3640 587 3730 vobis,
610 3641 718 3714 donec
740 3642 944 3730 (lescelinus
961 3639 1083 3714 redeat
1098 3641 1233 3740 legatae

169 3773 291 3844 vester,
313 3783 417 3856 quem
433 3757 612 3842 emisistis,
632 3771 669 3826 et
681 3755 859 3828 auxilium
878 3753 1034 3831 adderem
1050 3779 1120 3854 quo
1137 3753 1231 3830 tadi·

163 3876 268 3972 getis.
297 3877 455 3959 Interea,
478 3874 513 3944 si
534 3869 635 3944 dulce
658 3871 760 3958 milri,
790 3870 885 3969 quod
904 3887 1005 3970 opto,
1028 3869 1232 3970 coru'upum

168 3991 402 4074 restitueritis,
415 3983 497 4060 unc
512 3985 730 4086 digressurus
744 3985 911 4065 exercebo
922 4012 1008 4058 mee
1021 3987 1161 4085 negotiis
1173 4009 1230 4056 re·

164 4105 293 4203 gionir,
307 4121 345 4174 et
352 4129 410 4176 vos
417 4127 545 4200 pacem
555 4127 672 4174 meam
684 4100 735 4173 aal
741 4117 911 4176 staturam
921 4127 1029 4203 usqae
1040 4103 1230 4186 terminum

167 4217 344 4292 multas
370 4216 530 4294 Liberum
544 4233 744 4316 pertatem
759 4222 982 4316 provinciam
1002 4241 1118 4289 meam
1136 4239 1230 4289 mer·
