2888 4934
187 439 297 513 [1100]
556 432 673 493 LIBER
695 430 879 491 DECIMUS.
1203 432 1243 490 95

186 565 318 637 fundos
332 579 368 636 et
384 589 510 635 omnes
526 564 713 661 dignitates
724 591 805 638 suas
817 591 898 637 cum
918 565 1021 660 regiis
1039 562 1246 635 muneribus

185 679 232 751 ab
249 706 293 750 eo
314 694 537 778 receperunt.

235 794 410 867 Heoricus
426 820 486 868 rex
505 794 774 893 imprudentum
793 793 938 867 consilia
953 794 1139 889 juvenum,
1158 794 1248 865 sicut

187 911 364 999 Roboam,
378 925 519 982 secutus
531 936 607 982 non
622 926 687 1001 est,
704 911 767 982 sed
779 913 979 1009 sapientum
991 910 1157 1005 argutias,
1171 936 1249 980 mo·

188 1029 355 1123 uitasque
373 1051 500 1098 senum
517 1030 687 1123 sagaciter
705 1027 925 1127 amplexatus
941 1041 1006 1098 est.
1027 1025 1249 1098 Rodbertum

186 1141 321 1213 scilicet
338 1141 384 1213 de
401 1140 568 1214 Mellento
585 1158 620 1214 et
636 1147 825 1241 Hugonem
842 1142 888 1213 de
906 1146 1039 1229 Cestra,
1059 1142 1249 1213 Ricardum

188 1255 233 1327 de
247 1255 430 1327 Radvariis
447 1270 481 1327 et
501 1258 690 1354 Rogerium
706 1257 880 1355 Bigodum
897 1257 966 1354 (1),
986 1255 1145 1354 aliosque
1165 1270 1250 1328 stre·

188 1395 282 1442 nuos
302 1385 338 1442 et
354 1395 494 1467 sagaces
515 1371 611 1444 viros
627 1374 699 1444 suis
717 1373 880 1447 adhibuit
899 1372 1071 1462 consiliis,
1091 1387 1142 1460 et,
1166 1372 1252 1469 quia

187 1484 371 1559 humiliter
389 1487 556 1584 sophistis
570 1486 827 1560 obsecundarit
838 1488 908 1585 (2),
923 1488 1050 1559 merito
1064 1487 1184 1558 multis
1200 1511 1252 1558 re·

189 1599 356 1698 gionibus
374 1617 408 1672 et
426 1603 569 1700 populis
589 1604 787 1701 imperavit.

235 1717 403 1788 Praesatus
423 1718 608 1816 princeps,
627 1735 755 1816 quarto
773 1744 896 1791 mense
915 1744 957 1790 ex
981 1744 1054 1815 quo
1071 1718 1178 1816 coepit
1196 1742 1252 1789 re-

188 1858 313 1930 gnare,
332 1833 460 1905 nolens
476 1849 516 1906 ut
533 1859 646 1933 equus
664 1850 699 1906 et
717 1835 852 1923 mulus,
877 1833 1007 1930 quibus
1025 1859 1099 1904 non
1121 1847 1175 1904 est
1196 1833 1252 1903 in·

190 1949 368 2039 tellectus,
384 1951 535 2048 turpiter
552 1950 730 2042 lascivire,
751 1975 962 2048 generosam
978 1950 1165 2046 virginem,
1185 1972 1252 2019 no·

190 2065 288 2136 mine
303 2061 526 2154 Mathildem,
539 2064 649 2162 regali
661 2089 763 2136 more
779 2064 846 2136 sibi
859 2063 1105 2162 desponsavit,
1123 2088 1164 2135 ex
1182 2086 1253 2158 qua

190 2181 370 2278 geminam
385 2179 525 2278 prolem
542 2207 551 2251 ι
566 2179 775 2252 Mathildem
793 2195 828 2251 et
843 2177 1092 2269 Guillelmum,
1109 2201 1254 2276 genera·

191 2297 252 2369 vit.
273 2299 356 2366 Haec
374 2295 544 2367 nimimm
565 2294 736 2385 Melculfi,
759 2296 851 2393 regis
866 2298 1091 2386 Scottorum,
1113 2309 1149 2366 et
1163 2296 1254 2366 Mar·

191 2411 311 2507 garitae
330 2411 459 2508 reginae
480 2409 552 2482 filia
572 2409 655 2499 fuit,
674 2411 775 2508 cujus
800 2412 900 2508 origo
923 2411 969 2483 de
991 2411 1100 2512 stirpe
1123 2408 1256 2481 Elsredi

225 2666 268 2733 (t)
287 2663 346 2718 Noa
356 2663 476 2719 lecteurs
488 2663 666 2719 connaiaaeut
676 2662 739 2737 ddja
752 2661 952 2720 suffisamment
964 2663 1072 2718 Robert
1082 2663 1117 2716 de
1128 2662 1256 2734 Meulau,

193 2749 296 2823 lingue
311 2750 347 2806 de
366 2751 493 2819 Chester,
507 2750 632 2806 Richard
650 2751 685 2807 de
701 2751 831 2820 Reviera,
846 2752 888 2806 fils
904 2752 940 2806 de
956 2749 1116 2816 Baudouiu,
1130 2759 1158 2802 et
1175 2751 1223 2822 qui
1240 2766 1256 2801 a

193 2840 236 2894 ete
246 2839 275 2894 ie
287 2838 361 2911 sujet
371 2838 455 2893 d'uue
467 2849 534 2894 note
544 2839 665 2895 eteudue
680 2839 827 2908 ci·desuus,
842 2850 864 2896 t.
879 2840 931 2903 111,
946 2858 974 2911 p.
988 2842 1050 2894 354.
1064 2839 1185 2906 Quanta
1197 2836 1256 2892 Ro·

194 2943 243 2998 ger
253 2925 344 2999 Bigod
356 2945 394 2981 ou
405 2927 496 3000 Bigot,
509 2928 528 2982 il
539 2927 677 3000 possedait
689 2927 750 3000 deja
760 2928 794 2981 de
804 2937 891 2982 vastes
900 2925 1043 2979 domaines
1052 2924 1120 2979 dans
1129 2925 1156 2979 le
1166 2930 1258 2981 comte

194 3013 378 3082 teneriora,
399 3013 468 3069 dont
484 3034 555 3070 nous
570 3033 685 3070 verrons
703 3015 764 3088 plus
780 3014 842 3069 tard
857 3033 912 3087 que
930 3032 958 3066 sa
975 3014 1109 3085 posterite
1120 3013 1219 3068 achera
1232 3013 1258 3068 la

193 3103 338 3175 propriete
348 3120 384 3155 au
402 3105 465 3176 prix
481 3103 549 3159 d‘uu
564 3103 668 3159 double
684 3104 808 3177 perjure.
822 3104 917 3174 Roger
929 3103 1009 3174 Bigot
1026 3102 1094 3156 erait
1108 3100 1257 3174 probable·

194 3201 272 3246 ment
287 3189 330 3244 fita
346 3189 381 3245 de
394 3210 425 3245 ce
441 3191 550 3248 Robert
565 3192 661 3265 Bigot,
682 3202 781 3264 parent
796 3190 832 3247 de
848 3189 972 3246 Richard
988 3190 1189 3255 d’Arrauches,
1207 3192 1257 3264 qui

194 3279 286 3335 revela
298 3279 338 3335 les
350 3281 454 3353 projete
465 3280 660 3354 d’usnrpation
672 3280 707 3337 de
720 3279 882 3336 Guillaume
894 3279 1036 3336 Werleuc.
1056 3280 1149 3350 Voycz
1166 3279 1255 3335 Guill.

194 3367 229 3424 de
239 3369 398 3441 Jumieges,
411 3369 432 3425 l.
445 3388 496 3438 vu,
511 3370 558 3426 oh.
573 3373 618 3429 22.
948 3438 951 3444 λ

228 3459 269 3513 Ce
284 3457 394 3514 Robert
410 3460 492 3533 Bigot
507 3460 598 3533 par-ait
615 3460 675 3516 dtre
687 3459 798 3514 deveuu
814 3470 1021 3531 promptement
1033 3479 1071 3514 uu
1085 3477 1257 3533 personuage

195 3546 364 3617 importatum
380 3549 449 3602 dana
464 3547 491 3602 la
503 3548 601 3604 charte
612 3548 648 3602 de
661 3547 795 3602 donatiou
809 3545 844 3601 de
859 3546 1255 3612 Satur-Puilbert-sur-utste‚

196 3655 230 3690 eu
244 3639 326 3701 4066,
339 3655 376 3690 ou
389 3636 415 3691 le
429 3640 486 3693 voit
497 3639 552 3693 cite
562 3656 671 3693 comme
683 3637 790 3691 temoin
802 3635 886 3691 d'une
898 3637 1091 3691 renunciation
1104 3637 1138 3690 de
1152 3635 1259 3690 Robert

197 3723 231 3778 de
244 3724 385 3790 Beaufou,
398 3745 462 3782 arec
475 3727 501 3782 le
513 3727 569 3783 duc
580 3726 744 3784 Guillaume
757 3736 787 3782 et
798 3725 895 3799 Roger
909 3725 944 3780 de
956 3727 1113 3782 Beaumout
1123 3725 1206 3780 seule.

231 3814 321 3867 Notre
339 3824 441 3869 auteur
456 3815 550 3870 ouhlie
571 3817 607 3870 ici
628 3814 663 3869 de
681 3816 760 3882 citer,
776 3815 866 3888 parmi
885 3814 926 3868 len
943 3815 1086 3888 seigneurs
1103 3815 1259 3870 attaclres'a

197 3901 286 3956 Heuri
296 3903 341 3967 1⁰,
352 3902 685 3968 Robort·Fitz-Haimon,
698 3912 727 3957 et
738 3903 843 3969 Henri,
857 3913 949 3957 comte
963 3901 998 3957 de
1010 3902 1171 3968 Warwick,
1185 3903 1259 3956 frere

197 3990 235 4043 du
250 4002 342 4045 comte
354 3992 390 4046 dc
407 3993 532 4052 Meuium
550 3996 591 4046 uir
603 3996 712 4065 integer
725 4002 752 4046 et
763 4002 888 4057 sanctus,
903 3993 947 4047 dit
959 3991 1122 4049 Guillaume
1137 3992 1172 4046 de
1187 3991 1258 4046 Mat-

199 4080 339 4153 mesbury.

233 4169 273 4238 (2)
289 4169 334 4224 Gl.
350 4170 400 4224 int.
414 4193 419 4222 :
434 4173 535 4224 annuit
547 4171 591 4224 rel
601 4168 731 4225 obedivit.
