2888 4934
94 447 203 530 [1124]
416 443 532 504 LIBER
553 440 818 505 DUODEClMUS.
1087 446 1142 512 lm

98 582 194 671 (tum
217 580 323 648 etmm
353 575 547 647 indecentes
566 575 610 647 dc
635 602 690 647 me
716 577 911 648 cantilenas
936 578 990 673 (l)
1005 579 1149 675 facetus

91 693 241 766 coraula
258 694 465 788 composuit,
489 691 538 762 od
556 693 726 791 injurmm
742 696 814 763 mei
827 693 952 790 palam
972 700 1142 783 conterit,

94 809 345 906 malivolosque
360 808 449 878 mc'ln
461 807 574 879 hostes
590 807 641 879 ad
653 809 839 879 cachinnos
855 812 905 879 ito
920 835 1010 906 saepe
1020 837 1147 908 provo·

93 927 198 997 cavit.
218 929 325 997 Nunc
340 925 464 993 iccirco
481 929 577 994 Deus
593 923 696 994 illam
712 923 801 993 mitt
820 923 969 994 tradidit
987 940 1026 995 ut
1044 932 1147 996 cesti·

91 1055 207 1138 geter,
232 1054 272 1108 ut
289 1063 313 1108 o
330 1036 479 1134 nefariis
496 1038 656 1135 operibus
669 1064 806 1110 cessare
822 1056 976 1138 cogetur,
995 1041 1143 1140 aliique,

94 1153 180 1224 dnm
206 1155 387 1224 temerarii
412 1179 519 1224 ansus
544 1153 641 1225 illius
667 1157 923 1251 correptionem
951 1155 1144 1244 audierint,

94 1267 273 1341 commode
288 1272 525 1366 corrigantur.
545 1270 606 1340 llis
623 1268 767 1361 auditis,
787 1269 958 1343 Flandriae
974 1272 1045 1344 dux
1061 1298 1148 1344 con·

95 1385 212 1473 ticuit,
236 1384 320 1481 quia
344 1383 431 1480 quid
458 1398 583 1457 contra
605 1385 680 1457 baec
705 1387 959 1459 rationabiliter
982 1388 1150 1485 objiceret

96 1525 171 1572 non
187 1501 325 1572 habuit.
344 1499 534 1573 Carnific'es
549 1502 604 1598 (2)
621 1504 740 1600 itaque
752 1502 848 1600 jussa
864 1504 1146 1601 compleverunt.

96 1620 206 1687 Porro
225 1621 336 1688 Lucas
356 1631 395 1687 ut
411 1617 547 1688 aetemis
568 1618 604 1687 in
626 1617 695 1689 hac
717 1619 787 1689 vita
809 1618 963 1690 tenebris
979 1619 1149 1691 condem·

96 1746 222 1803 natum
238 1756 275 1803 se
291 1734 470 1827 cognovit,
490 1732 608 1824 miser,
628 1734 720 1804 mori
737 1758 845 1830 quam
863 1735 1015 1805 fuscatus
1033 1735 1150 1805 vivere

96 1848 234 1938 maluit,
253 1861 288 1918 et
301 1847 434 1919 lanistis
450 1847 758 1946 perurguentibus‚
778 1850 813 1919 in
829 1864 1003 1947 quantum
1018 1851 1148 1947 potuit,

96 1962 141 2034 ad
173 1962 424 2034 detrimentum
455 1964 509 2035 sui
538 1962 684 2035 obstitit.
715 1963 872 2036 Tandem
905 1966 997 2036 inter
1024 1989 1151 2036 manus

94 2100 223 2148 eorum
236 2076 430 2175 parietibus
441 2092 476 2149 et
490 2078 593 2168 saxis,
608 2092 647 2149 ut
658 2101 793 2169 amens,
805 2093 913 2176 caput
925 2104 1032 2150 suum
1041 2080 1149 2172 illisit,

95 2206 133 2263 et
154 2192 204 2263 sic
224 2192 344 2263 multis
367 2191 615 2284 moerentibus,
643 2193 704 2290 qui
730 2191 923 2292 probitates
945 2193 1020 2291 ejus
1046 2208 1152 2292 atque

97 2307 238 2381 facetias
254 2322 441 2401 noverant,
460 2307 706 2381 miserabiliter
722 2309 879 2381 animam
894 2309 1050 2381 extorsit.

147 2427 283 2495 Interea
292 2423 450 2494 Morinos
459 2422 504 2494 de
517 2424 605 2496 Pino
617 2424 685 2522 (3),
698 2423 836 2523 dapifer
847 2425 999 2517 comitis,
1012 2425 1152 2497 castella

96 2537 174 2634 ejus
198 2541 368 2629 munivit,
393 2552 428 2610 et
450 2540 525 2638 ipse
548 2540 729 2612 animosus
745 2564 870 2612 omnes
886 2563 978 2635 quos
994 2553 1149 2638 poterat,

97 2655 325 2751 pertinaciter
340 2655 384 2725 ad
403 2653 638 2725 resistendum
655 2656 727 2748 regi
743 2655 924 2725 animavit.
945 2656 1017 2724 Rex
1033 2667 1151 2725 autem

96 2765 217 2859 fortis,
254 2791 385 2864 magno
416 2780 631 2862 congregato
664 2768 838 2858 exercitu,
874 2791 996 2839 mense
1025 2767 1150 2865 aprili,

132 3025 173 3095 (l)
186 3021 210 3076 ll
220 3032 261 3077 est
270 3022 336 3077 bien
349 3020 529 3077 malbeureux
538 3039 594 3096 que
605 3039 649 3077 ees
658 3021 794 3078 chamont
805 3023 950 3097 satiriques
961 3023 999 3078 du
1011 3040 1152 3080 commen·

98 3121 208 3167 cement
221 3109 260 3163 du
277 3122 323 3165 nr
338 3108 419 3167 siecle
435 3109 538 3164 n’aient
551 3127 599 3183 pas
616 3110 733 3166 subsiste
744 3110 853 3185 jusqu’i
868 3128 946 3166 nous.
962 3111 1043 3167 C'efit
1056 3114 1101 3167 ete
1113 3131 1152 3168 un

97 3196 304 3271 inappreciable
323 3208 488 3253 monument
508 3196 544 3252 de
564 3198 589 3252 la
612 3199 757 3270 poeticen
776 3198 876 3272 langue
900 3199 1023 3272 vulgaire
1043 3203 1059 3254 ὲ
1082 3211 1153 3256 cette
1169 3234 1172 3240 ι

98 3288 217 3360 epoque.

133 3373 174 3446 (ἲ)
193 3373 270 3430 C'est
285 3372 351 3429 bien
366 3372 392 3428 ie
409 3383 468 3428 mot
482 3392 598 3448 propre,
612 3386 641 3431 ct
656 3375 744 3431 ilenti
757 3377 848 3432 nurait
859 3377 958 3431 merite
969 3376 1112 3432 lui-meme
1125 3394 1153 3432 sa

98 3472 164 3535 port
176 3462 211 3519 de
223 3473 296 3519 cette
310 3461 507 3538 qualification.

134 3548 174 3623 (3)
187 3549 265 3604 Nous
277 3567 360 3604 avons
369 3548 431 3621 dejt
440 3567 475 3603 vu
485 3550 589 3624 figures
598 3568 636 3605 un
644 3567 816 3623 personnage
825 3549 865 3604 du
874 3550 963 3606 mime
971 3568 1037 3607 nom
1046 3569 1154 3607 comme

99 3640 205 3696 temoin
220 3638 288 3695 dans
304 3640 328 3694 la
342 3639 439 3694 charte
450 3639 484 3695 de
497 3638 630 3695 donation
643 3639 678 3695 de
690 3638 890 3696 Guernanville
903 3644 919 3696 ὲ
930 3629 1151 3706 saint-lirroult,

99 3725 250 3795 domus,
265 3738 286 3783 t.
301 3728 342 3792 11,
355 3746 385 3801 p.
399 3724 458 3785 ³99.
473 3727 549 3783 Nous
566 3745 718 3801 supposons
733 3747 788 3803 quc
804 3729 870 3784 c’est
886 3729 913 3784 le
926 3730 1029 3799 ωόωε,
1049 3730 1153 3802 malgre

97 3816 126 3874 ia
137 3817 260 3874 distance
272 3816 320 3873 des
332 3829 437 3892 temps,
450 3828 480 3874 ct
496 3818 564 3894 qu‘il
580 3819 662 3885 emit,
681 3837 788 3874 comme
804 3819 903 3876 Odard
915 3832 944 3877 et
958 3820 1099 3877 Gislebem
1114 3818 1153 3872 du

98 3904 166 3973 Pin,
180 3906 331 3979 originniie
342 3906 381 3960 du
393 3906 610 3961 Pin-nu-Haras.
624 3906 702 3961 Nous
714 3925 870 3981 apprenons
882 3928 932 3982 par
944 3926 998 3963 une
1009 3907 1104 3961 charte
1117 3904 1153 3960 de

98 3991 151 4062 lui,
164 3993 385 4050 intercedentis
396 3995 572 4050 Monosticon
584 3996 784 4069 Anglicanum,
799 4008 821 4052 t.
834 3996 873 4067 ΙΙ,
887 4017 915 4072 p.
929 4000 989 4069 434,
1002 3996 1070 4071 qu’il
1083 3997 1153 4050 avait

98 4098 172 4225 m·
183 4082 256 4139 frere
269 4082 482 4158 Guillanmetdu
500 4084 567 4152 Pin,
584 4096 612 4140 et
629 4104 700 4156 pour
716 4086 820 4160 gendrc
835 4086 976 4143 Gislebeit
991 4084 1027 4140 dc
1043 4085 1152 4140 bonuc-
