2888 4934
189 391 250 454 uo
460 386 645 450 nrsroru
667 384 975 448 nccnnsnsncr.
1139 389 1246 470 [nn]

187 519 323 619 positos
330 532 438 616 atque
447 518 675 615 gravaringos
683 516 886 614 (l)interra
895 540 960 589 sna
968 516 1125 588 nimium
1133 515 1246 590 furere

186 633 343 706 videbat.
358 633 520 706 insolitas
534 632 631 704 enirn
645 632 847 705 exactiones
858 630 1108 730 imponebant,
1124 655 1169 705 ac
1180 656 1247 730 pro

187 748 290 822 libitu
302 773 368 822 suo
377 748 510 847 judicia
520 747 788 846 pervertebant;
800 746 1248 820 summisetmedioctibus

187 867 316 938 multas
338 863 544 962 gravedines
565 862 784 955 inferebant3
809 861 874 935 sed
892 862 1064 935 baec-non
1084 886 1152 937 sua
1173 865 1250 935 vir-

187 995 275 1069 tute,
289 981 362 1052 imo
372 979 500 1051 timore
508 979 600 1074 regis
608 993 643 1050 et
652 993 841 1078 potestate,
849 975 1043 1074 agitabant.
1056 981 1149 1050 Nam
1157 979 1246 1077 ipse,

188 1098 313 1170 talium
336 1097 493 1186 nescius,
521 1097 558 1167 in
582 1096 705 1193 Anglia
727 1094 1000 1187 demorabatur,
1026 1096 1105 1193 ejus
1130 1109 1248 1168 tamen

187 1225 285 1284 metu
307 1210 466 1283 militaris
486 1210 635 1283 audacia
656 1209 976 1310 comprimebatur,
1000 1208 1131 1283 dolens
1150 1209 1248 1308 qnod

188 1339 286 1398 tanta
296 1325 413 1397 rabies
424 1324 666 1422 gastaldorum
678 1325 732 1421 (2)
747 1349 855 1424 super
866 1324 1001 1397 incolas
1016 1339 1246 1422 grassaretm

189 1438 367 1512 officiales
395 1438 479 1511 mali
507 1438 736 1539 praedonibns
767 1440 908 1539 pejores
935 1455 1018 1512 sunt
1042 1462 1249 1539 :pagenses

189 1578 319 1655 nempe
333 1554 565 1648 latrunculos,
584 1557 753 1653 fugiendo
766 1579 830 1629 seu
843 1555 1071 1644 divertendo,
1091 1555 1249 1628 devitare

188 1686 357 1769 possunt;
375 1672 576 1772 versipelles
595 1696 680 1745 vero
700 1669 861 1744 bedellos
879 1671 933 1767 (3)
952 1668 1160 1742 nullatenus
1175 1671 1248 1740 sine

188 1786 323 1859 damno
340 1786 519 1860 declinare
534 1802 684 1886 queunt.

239 1907 426 1977 Animosne
434 1905 542 2002 igitur
551 1905 745 1978 Amalricus
754 1904 960 1995 Fulconem,
975 1903 1248 1999 ludegnvorum

189 2025 376 2115 comitem,
397 2049 504 2098 suum
521 2025 653 2098 scilicet
669 2040 855 2124 nepotem,
873 2024 1035 2123 expetiit,
1059 2023 1250 2120 ipsumque

188 2138 479 2235 persuasibilibus
496 2139 614 2213 verbis
628 2139 852 2212 commonuit
869 2151 908 2210 ut
923 2135 1137 2227 Guillelmo,
1156 2134 1249 2207 Rod-

188 2251 280 2323 berti
296 2253 397 2325 ducis
414 2252 505 2347 lilio,
524 2255 712 2354 Sibyllam,
732 2254 842 2327 filiam
858 2277 976 2344 suam,
994 2253 1247 2350 conjungeret,

189 2365 291 2461 cujus
316 2368 474 2464 probitas
499 2384 535 2441 et
558 2370 788 2468 pulchritudo
818 2391 860 2440 ac
889 2391 1029 2440 summa
1053 2367 1250 2464 ingenuitas

189 2480 341 2579 imperio
365 2482 472 2579 digna
495 2485 670 2556 existeret.
703 2489 746 2556 At
769 2483 828 2556 ille
851 2482 1029 2556 avunculo
1056 2505 1127 2553 sno
1150 2479 1249 2552 facile

189 2594 384 2694 adquievit,
397 2615 434 2671 et
447 2599 617 2671 accersito
627 2599 759 2694 juvene
772 2623 856 2670 cum
870 2597 1072 2698 paedagogis
1084 2608 1123 2668 et
1135 2595 1249 2693 pedis·

190 2714 308 2810 eequis
328 2714 417 2805 suis,
441 2728 561 2786 natam
586 2715 619 2784 ei
640 2737 742 2786 suam
762 2715 913 2812 pepigit,
939 2727 974 2785 et
996 2736 1081 2783 curn
1103 2710 1246 2799 eadem,

190 2827 308 2900 donec
320 2828 575 2900 hereditarium
581 2829 640 2925 jus
648 2829 924 2920 nancisceretur,
940 2826 1248 2898 Cenomannicnm

189 2943 414 3016 consulatum
442 2943 618 3014 concessit
640 2943 708 3039 (Is).
742 2941 881 3015 Deinde
904 2942 1101 3014 Amalricus
1128 2961 1250 3011 omnes

223 3233 262 3304 (l)
280 3233 456 3290 Groverends
468 3233 684 3311 (grnffwureng
695 3257 702 3286 .·
713 3236 820 3289 comitis
833 3233 936 3304 miles),
951 3241 1078 3304 sergents
1087 3229 1137 3284 des
1148 3239 1251 3285 comtes

188 3335 261 3389 pour
272 3319 299 3373 le
312 3332 521 3378 reconvremeut
533 3321 582 3377 des
595 3320 780 3394 impositione.

223 3408 263 3477 (2)
276 3407 316 3462 Ce
328 3420 396 3478 mot,
411 3411 644 3484 principalement
654 3409 783 3484 employc
794 3410 861 3465 chen
873 3409 913 3464 les
925 3408 1089 3479 Lombcrds,
1099 3407 1250 3481 signifiait:

188 3495 237 3553 des
243 3497 325 3569 juges
336 3498 494 3571 inlerieura
505 3519 614 3557 comme
624 3510 674 3556 ont
683 3503 729 3556 e'tc
737 3499 800 3572 plns
811 3497 874 3555 tard
884 3498 923 3555 les
933 3497 1024 3554 baillia
1033 3497 1082 3553 des
1091 3497 1248 3570 seigneure3

188 3588 258 3641 mais
270 3604 340 3641 nous
355 3607 472 3660 pensons
483 3590 567 3664 qu’ici
583 3590 603 3645 il
615 3590 674 3645 lant
689 3587 882 3664 pareillement
896 3587 922 3642 le
935 3584 1056 3660 prendre
1068 3584 1139 3639 dans
1152 3583 1179 3639 le
1193 3599 1253 3638 sens

189 3675 224 3732 de
239 3698 244 3730 :
257 3688 341 3750 agent
354 3676 394 3730 dn
407 3677 462 3732 fise.

221 3766 260 3836 (3)
279 3765 478 3837 Appetiteurs,
493 3777 635 3839 sugente,
651 3765 796 3820 buissiers.
1321 3822 1323 3824 ³

222 3853 261 3926 (l)
281 3852 358 3908 Nous
373 3869 457 3907 avons
472 3855 548 3925 peric
565 3855 716 3920 ci-dessns‚
734 3873 763 3925 p.
776 3855 844 3920 zet,
863 3851 899 3907 de
912 3869 957 3906 ees
972 3847 1137 3921 lianpailles,
1152 3847 1204 3920 qui
1220 3862 1254 3899 ne

186 3952 289 4012 purent
302 3942 362 3997 titre
370 3940 491 3996 arrete'es
499 3960 554 4014 que
563 3942 743 4016 parl’emploi
753 3941 788 3997 de
797 3951 890 3997 tontes
902 3941 941 3994 les
952 3937 1067 3993 loudree
1081 3935 1117 3990 de
1129 3921 1253 4007 l’liglise.

186 4026 332 4084 L’absenoe
344 4028 504 4083 d’he'riticrs
516 4027 619 4083 directs
634 4048 707 4101 pour
719 4029 757 4084 les
771 4039 859 4084 vastes
873 4016 949 4082 litate
964 4023 999 4081 de
1014 4024 1105 4080 Henri
1118 4024 1153 4076 1²¹
1167 4021 1252 4085 avait,

187 4113 287 4187 depuis
302 4117 328 4172 le
345 4118 478 4190 naufrage
493 4115 529 4171 de
546 4117 571 4171 la
587 4117 805 4191 litamine-Nes,
825 4118 937 4189 reperte
954 4132 993 4170 un
1016 4113 1058 4168 rii
1071 4111 1254 4167 interserere
