2888 4934
192 427 399 508 [md-1126]
516 423 633 487 LIBER
653 424 923 487 momentus,
1187 428 1243 490 474

191 571 412 630 armatorum
429 555 501 628 sere
517 582 590 628 xxx
605 555 715 630 millia
732 580 855 630 secum
873 555 1085 648 adduxerat,
1104 557 1187 655 quia
1205 560 1247 630 ri·

192 697 293 746 more
308 672 364 745 vel
382 673 501 745 favore
517 698 592 746 sese
609 697 729 772 regem
741 673 817 746 fore
827 672 1047 749 autumabat.
1065 672 1150 767 Sed,
1163 675 1248 773 quia

192 789 299 887 probi
328 787 508 861 Pontificis
536 790 680 887 ingenio
706 804 923 888 praeventus,
951 804 991 861 ut
1017 789 1153 862 dictum
1178 805 1246 881 eat,

191 903 397 976 vellesuum
409 918 612 1001 perpetrare
623 905 793 1002 nequivit,
805 927 869 1003 per
876 903 1096 998 Conradum,
1104 905 1248 978 fratrem

193 1044 299 1092 suum
310 1019 377 1117 (4),
392 1022 583 1094 maximam
595 1020 827 1121 postmodum
840 1044 1003 1119 guerram
1015 1020 1109 1094 iecit.
1123 1021 1250 1094 lntha·

192 1134 267 1208 rius
278 1149 411 1225 tamen,
430 1137 621 1210 auxiliante
633 1140 725 1229 Deo,
743 1136 937 1236 prevaluit,
952 1135 1151 1232 meritoque
1164 1150 1250 1208 stre·

193 1252 338 1324 nuitatie
347 1265 383 1322 et
394 1252 572 1349 religionis
582 1251 769 1325 laudabilis
778 1252 1002 1349 jamxannis
1012 1252 1195 1350 regnavit(
1220 1251 1246 1350 ).

242 1371 361 1440 XLIV.
376 1372 479 1441 Anno
492 1367 538 1441 ab
553 1369 798 1441 lncarnatione
810 1367 956 1440 Domini
968 1374 1011 1439 ιε’
1022 1374 1056 1440 c⁰
1066 1373 1179 1461 uvr‘,
1195 1368 1250 1440 in·

192 1483 351 1556 dictione
360 1489 421 1575 Ν,
433 1482 646 1582 pontificalia
653 1483 799 1556 basilica
809 1485 927 1556 Sancti
936 1483 1107 1574 Gervaaii,
1118 1482 1252 1574 Medio-

192 1598 347 1672 lanenais
359 1600 534 1697 martyris,
546 1600 644 1699 apud
653 1601 797 1697 Sagium
809 1614 873 1672 ¹11⁰
884 1598 1053 1672 kalendas
1063 1598 1186 1697 aprilis
1198 1600 1251 1695 (3)

192 1712 354 1786 dedicata
368 1728 458 1787 esta
474 1714 624 1787 domino
640 1715 847 1805 Gnissredo,
867 1714 1117 1810 Rotomagensi
1136 1713 1251 1786 archi·

192 1831 375 1929 episeopo,
394 1845 430 1904 et
445 1832 521 1904 aliis
535 1833 695 1929 quinque
710 1829 932 1931 praesulibus.
953 1830 1007 1901 tbi
1025 1830 1253 1902 tuneflenri·

192 1970 257 2018 cus
269 1970 331 2018 rex
343 1947 539 2043 Anglorum
550 1971 634 2018 eum
646 1945 855 2046 proceribus
872 1946 944 2017 suis
959 1944 1073 2036 affuit,
1088 1957 1124 2015 et
1134 1942 1252 2016 eidem

191 2061 348 2134 eeclesiae
372 2062 531 2135 redditus
555 2087 579 2133 x
605 2061 779 2134 librarum
807 2085 874 2160 pro
898 2059 983 2132 dote
1009 2083 1074 2158 per
1094 2058 1252 2155 singulos

191 2200 307 2249 annos
335 2177 483 2252 donavit
511 2179 578 2275 (lt).
615 2176 669 2249 lbi
694 2191 780 2249 tunc
814 2176 1051 2250 interfuerunt
1079 2175 1251 2248 Girardus

191 2292 465 2389 Engolismensis
485 2294 690 2392 epiecopus,
717 2296 885 2365 Romanae
911 2291 1073 2364 Ecclesiae
1094 2289 1248 2388 legatus,

191 2406 372 2479 lohannes
390 2409 631 2500 lexoviensis,
651 2408 833 2481 iohannes
853 2408 1074 2498 Salariensis,
1093 2407 1250 2479 Goisire·

191 2521 260 2594 dus
275 2525 518 2618 Carnotensis,
540 2539 576 2597 et
593 2523 754 2622 Ulgerius
772 2522 1045 2620 Andegaveneis.

224 2744 264 2814 (4)
281 2743 392 2799 Conrad
404 2743 440 2799 de
451 2743 685 2811 Hohenttauffen,
698 2745 762 2798 crde
775 2742 831 2796 duc
843 2740 878 2796 de
889 2740 1043 2796 franconie
1053 2757 1090 2795 en
1101 2743 1184 2808 4446,
1201 2758 1252 2814 par

189 2828 356 2903 l’empereur
372 2830 461 2885 Henri
476 2830 515 2899 V,
532 2847 583 2886 aon
599 2827 688 2885 ende.
704 2829 782 2886 Noua
797 2844 917 2903 pensons
932 2827 1000 2903 qu'il
1015 2825 1083 2883 etait
1098 2826 1161 2901 dejd
1179 2829 1251 2902 parti

190 2934 263 2990 pour
277 2916 303 2972 ia
318 2917 516 2974 Terre-sainte
529 2937 564 2974 au
579 2926 704 2973 moment
718 2917 754 2974 de
769 2915 918 2974 l’election.
933 2917 957 2972 11
971 2916 1111 2991 parvinta
1127 2916 1251 2990 l’empire

189 3021 226 3060 en
239 3009 323 3075 4436,
338 3023 402 3062 aona
413 3005 440 3061 le
452 3023 518 3061 nom
532 3005 568 3061 de
579 3004 693 3062 Conrad
706 3006 760 3061 111.

224 3092 266 3164 (2)
281 3094 347 3151 Ceci
364 3094 454 3169 paruit
472 3095 543 3151 ecrit
558 3097 575 3150 6
592 3093 618 3150 la
633 3093 672 3150 fin
690 3094 726 3151 de
742 3097 813 3155 4436
830 3111 868 3151 ou
887 3092 957 3151 dant
973 3093 1014 3152 lea
1028 3093 1164 3167 premiere
1180 3093 1251 3149 moia

189 3180 226 3236 de
236 3186 316 3240 4436.
1191 3202 1195 3217 ·

225 3273 265 3342 (3)
282 3271 320 3326 Le
332 3273 362 3330 2⁴
380 3289 454 3327 mara
465 3275 544 3332 4426.
558 3273 640 3330 Cette
651 3273 737 3347 dgliee
750 3272 847 3329 n'dtait
861 3271 987 3346 pradelle
999 3290 1054 3347 que
1066 3289 1137 3327 noue
1146 3289 1248 3345 voyons

192 3359 382 3432 aujourd’hui.

224 3448 263 3520 (4)
274 3448 338 3504 Une
346 3449 442 3505 charte
452 3449 488 3505 de
499 3449 588 3505 Henri
598 3450 644 3520 1⁰,
653 3449 733 3505 datde
742 3448 777 3505 de
787 3449 895 3522 Dieppe
904 3466 940 3503 en
951 3453 1032 3515 4434,
1044 3465 1114 3503 noua
1124 3448 1249 3522 apprend

190 3553 246 3609 que
257 3535 283 3590 ia
296 3547 375 3593 rente
384 3537 494 3593 donnde
506 3555 557 3610 par
568 3555 600 3592 ee
613 3535 769 3611 prinoedla
779 3535 938 3593 cathedrale
949 3536 985 3590 de
998 3536 1074 3604 seez,
1089 3552 1119 3591 ee
1131 3537 1250 3592 montait

189 3626 205 3679 ὲ
221 3625 322 3698 quinae
337 3625 433 3693 liures,
452 3639 482 3683 et
498 3644 555 3682 non
574 3643 622 3698 pas
638 3628 654 3680 4
672 3624 719 3681 dix
737 3642 846 3680 nomme
862 3623 947 3680 ledit
964 3623 1095 3681 Orderic.
1114 3625 1196 3681 Vnici
1210 3623 1250 3679 lar

190 3722 293 3768 termes
306 3712 341 3770 de
353 3723 398 3769 cet
408 3725 482 3782 acte,
498 3714 550 3770 teir
562 3732 617 3789 qne
631 3731 702 3770 nont
714 3714 753 3770 lea
766 3731 849 3770 avone
863 3713 931 3770 tire·
942 3712 982 3768 du
999 3715 1051 3770 Mt.
1064 3724 1095 3769 ιιο
1109 3718 1160 3772 466
1173 3714 1209 3768 de
1224 3711 1249 3767 la

190 3799 382 3876 bibliotheque
399 3802 550 3876 d’Alenqon
565 3826 571 3856 ι
587 3804 661 3873 Ipsis
678 3820 787 3874 quoque
793 3801 942 3874 fratribus
956 3803 1134 3876 regularibus
1149 3801 1250 3856 damus

190 3898 218 3943 et
230 3890 428 3961 confirmamus
440 3908 477 3942 xv
491 3890 580 3945 libras
593 3888 827 3962 Rothomugensis
844 3901 977 3960 moneta,
992 3910 1064 3965 quas
1077 3890 1146 3946 dedi
1157 3894 1186 3945 in
1199 3888 1250 3944 de·

190 3977 329 4032 diutione
343 3979 431 4046 ipsius
442 3978 567 4033 ecelesia
579 3980 608 4032 in
619 3996 784 4051 unoquoque
795 3996 871 4034 anno
882 3978 1038 4047 debendus,
1052 3979 1156 4034 scilicet
1168 3995 1204 4032 vu
1216 3978 1251 4031 ti·

192 4065 257 4120 bras
264 4107 271 4133 ,
287 4074 313 4119 et
325 4082 339 4118 a
353 4064 498 4120 solidescit
512 4065 619 4122 teloneo
633 4065 741 4122 meede
758 4066 871 4125 Falesta
885 4078 912 4122 et
925 4085 966 4123 vn
976 4069 1064 4123 libras
1078 4076 1104 4122 et
1117 4086 1134 4123 ι
1145 4065 1251 4124 solidos

191 4157 220 4208 in
233 4155 338 4211 teloneo
350 4173 409 4212 meo
422 4153 456 4210 de
472 4155 590 4213 oximis.
