2888 4934
202 420 312 500 [noe]
546 413 663 475 imm
687 415 924 477 urnacruus.
1199 417 1259 476 aaa

203 566 237 624 et
270 546 471 622 Rodbertus
496 546 637 641 juvenis
669 546 715 618 de
747 546 930 620 stotevilla
961 546 1037 641 (l),
1073 570 1156 617 cum
1184 546 1260 618 aliis

200 690 267 738 cn.
283 660 470 752 militibus,
489 662 640 733 Divense
656 663 890 761 municipium
906 677 1257 758 praeoccupaverunt,

196 796 235 852 et
247 802 378 851 aurora
392 792 555 875 surgente
572 801 654 848 cum
672 778 854 849 cachinnis
866 792 902 848 et
914 774 1258 875 exprobrationibus,

194 894 291 966 dum
309 918 369 965 rex
390 894 709 991 appropinquaret,
733 891 915 963 vociferati
933 904 1027 961 sunt.
1051 890 1151 961 Multi
1168 917 1260 988 quo·

190 1035 273 1109 que
295 1008 354 1082 alii
379 1007 506 1080 milites
529 1009 640 1080 secuti
660 1022 744 1079 sunt
767 1006 812 1079 de
836 1006 967 1078 Falesia
995 1020 1029 1076 et
1054 1004 1100 1076 de
1126 1004 1202 1077 aliis
1224 1007 1260 1077 io

191 1148 291 1223 gyro
309 1124 523 1221 municipiis,
538 1137 578 1194 ut
593 1125 794 1194 comminus
808 1123 1019 1195 dimicarent
1032 1144 1116 1192 cum
1132 1145 1214 1218 rege
1227 1136 1263 1193 et

190 1241 278 1336 ejus
291 1237 443 1311 asseclis.
460 1237 667 1326 meantem,
688 1253 726 1309 ut
740 1237 844 1310 dolos
856 1236 1020 1327 advertit,
1036 1236 1146 1307 iratus
1157 1235 1264 1307 assul-

190 1368 282 1426 tum
296 1353 334 1424 in
351 1367 548 1425 castrenses
566 1354 639 1425 suis
656 1377 740 1424 mox
759 1349 876 1426 iacere
894 1352 1073 1450 praecepit.
1094 1356 1263 1424 Ferocem

188 1469 309 1565 igitur
331 1467 503 1538 assultum
523 1469 609 1563 regii
629 1467 756 1540 milites
776 1469 939 1568 protinus
958 1466 1133 1556 iecerunt,
1154 1480 1190 1538 et
1206 1466 1262 1537 in·

177 1582 294 1677 jecto
312 1582 392 1678 igne
409 1597 565 1654 castrum
582 1598 618 1653 et
635 1583 841 1656 coenobium
858 1583 1144 1655 combusserunt.
1165 1585 1264 1653 Tunc

191 1694 393 1768 llainaldus
410 1712 444 1768 et
463 1696 682 1788 Rodbertus,
703 1697 808 1796 probi
827 1699 978 1786 tirones,
997 1696 1127 1792 aliique
1144 1694 1264 1793 plures

189 1812 297 1907 eapti
314 1827 408 1883 sunt.
429 1811 530 1884 Multi
546 1826 709 1910 quoqne,
728 1813 842 1910 quiin
862 1812 988 1884 turrim
1006 1810 1159 1883 ecclesiae
1175 1834 1264 1881 con·

193 1923 382 2022 fugerant,
401 1929 620 2000 concremati
637 1943 732 2000 sunt.
754 1933 865 1999 Porro
889 1950 1074 2025 sequaces,
1097 1929 1159 2024 qui
1177 1926 1265 1998 sub-

197 2040 326 2113 venire
342 2041 410 2113 illis
429 2041 658 2133 festinabant,
678 2058 717 2114 ut
733 2044 913 2141 ingentem
929 2066 1056 2141 pyram
1072 2065 1264 2141 prospexe-

199 2168 300 2244 runt,
312 2156 498 2228 confestim
507 2155 679 2254 fugientes
690 2157 861 2231 Falesiam
871 2171 1132 2231 remeaverunt.
1144 2157 1266 2228 Victor

197 2283 323 2341 autem
341 2296 402 2342 rex
419 2271 637 2371 pedetentim
658 2296 720 2344 eos
740 2288 949 2372 persecutus
967 2288 1038 2363 est,
1061 2271 1126 2344 sed
1146 2270 1265 2343 nullus

198 2400 329 2458 contra
342 2411 425 2459 eum
436 2388 557 2484 egredi
570 2410 675 2461 ausus
693 2404 758 2461 est.
778 2390 905 2461 Merito
917 2388 985 2460 illis
998 2387 1091 2461 male
1102 2386 1263 2484 contigit,

194 2499 300 2595 juxta
317 2500 405 2573 illud
420 2502 520 2599 quod
537 2501 727 2601 Apostolus
744 2502 828 2576 dicit
842 2507 905 2575 :Si
918 2507 997 2602 quir
1013 2502 1183 2600 templum
1196 2505 1268 2572 Dei

204 2614 397 2704 violaverit,
417 2614 595 2714 disperdet
608 2617 711 2689 illum
727 2623 824 2689 Deus
841 2619 910 2716 (2).
930 2623 1022 2692 Ecce
1041 2618 1098 2689 isti
1113 2616 1265 2690 domum

202 2730 268 2803 nei
283 2730 491 2828 speluncam
507 2731 689 2805 latronum
706 2749 839 2806 temere
855 2734 1030 2824 iecerunt,
1050 2747 1086 2804 et
1103 2729 1266 2830 turpibus

203 2845 443 2918 immundiciis
452 2846 642 2919 hominum
651 2863 687 2920 et
700 2872 878 2946 equorum
886 2849 1120 2919 irreverenter
1132 2844 1267 2945 pollue·

202 2977 304 3051 ruot;
317 2964 515 3060 meritoque
525 2963 618 3036 serro
627 2965 683 3037 vel
693 2964 862 3037 edacibus
872 2963 1025 3037 flammis
1036 2958 1261 3034 interieruntl

249 3081 350 3149 Tunc
367 3076 568 3150 Rodbertus
586 3079 737 3152 traditor
759 3094 884 3177 captus
901 3092 971 3169 est,
991 3093 1028 3149 et
1044 3091 1266 3149 transversus

204 3213 310 3289 super
326 3215 479 3288 equum,
500 3193 591 3265 sicut
607 3217 746 3284 saccus,
767 3217 890 3265 coram
906 3217 989 3289 rege
1005 3190 1181 3264 adductus
1197 3204 1263 3262 est.

205 3307 268 3378 Cui
288 3331 350 3378 rex
367 3309 416 3379 ait
437 3335 445 3378 :
465 3307 624 3399 Perfide,
644 3308 688 3381 (Ie
704 3326 801 3380 terra
816 3307 1006 3408 meafuge.
1027 3309 1111 3379 Nat
1119 3330 1192 3404 pro
1209 3330 1265 3376 re·

207 3423 359 3492 remotio
381 3424 479 3493 sacri
501 3419 655 3510 ordinis,
689 3423 791 3521 cujus
815 3421 971 3495 habitum
994 3423 1150 3493 exterius
1162 3418 1261 3515 fers,

207 3539 401 3609 miserrime
407 3537 573 3634 facerem
590 3556 623 3611 te
638 3543 803 3612 continuo
817 3540 1039 3613 membratim
1055 3538 1263 3636 discerpere.

241 3881 278 3952 (l)
297 3880 406 3938 Robert
422 3883 643 3955 d'Fstouterille,
659 3887 800 3942 troisiemc
816 3887 855 3942 du
872 3905 953 3952 nom,
975 3886 1017 3942 fils
1035 3885 1075 3941 du
1095 3902 1266 3957 personnage

211 3964 275 4022 dont
289 3980 371 4024 notre
383 3982 482 4029 auteur
495 3977 570 4031 rieot
582 3975 617 4030 de
629 3975 720 4048 parler
732 3974 880 4043 ci-dessus,
896 3994 923 4048 p.
938 3977 1000 4044 ata,
1014 3978 1029 4029 a
1043 3974 1187 4030 l'oceasion
1199 3970 1265 4026 d’un

213 4055 318 4112 niraele
331 4058 420 4114 arrive
432 4059 459 4114 le
469 4062 536 4132 jour
547 4061 583 4118 de
594 4063 702 4138 Piques
716 4062 751 4118 de
764 4062 870 4119 l‘annee
882 4063 1058 4137 precedente.

242 4143 279 4214 (2)
298 4144 311 4197 l
329 4145 405 4216 Cor,
418 4165 463 4217 ιιι,
480 4153 523 4208 Π.
