3140 5076
152 497 265 579 [111³]
502 492 619 554 arana
642 491 881 555 uunacmus.
1158 494 1218 558 aaa

152 643 191 702 et
208 627 268 700 alii
285 623 417 725 plures.
442 627 524 700 llaec
544 626 831 699 nimirum-carta
850 621 1000 696 consilio
1018 624 1221 724 sapientum

153 746 249 816 facta
274 755 326 814 est
350 754 476 812 contra
496 740 649 840 cupidos
671 740 840 826 heredes,
865 739 927 838 qui
950 738 1095 838 singulis
1118 743 1220 816 annis

153 857 401 954 eleemosynas
424 870 613 954 parentum
637 881 787 930 suorum
813 854 1044 953 diripiebant,
1070 869 1106 929 et
1137 847 1220 930 oum

155 998 290 1071 magno
310 996 432 1044 rerum
449 971 765 1046 ecclesiasticarum
783 971 1000 1044 detrimento
1022 971 1221 1045 monachos

154 1089 285 1162 crebro
301 1087 469 1187 placitare
484 1086 671 1185 cogebant.
692 1086 796 1160 Unde
812 1111 873 1159 rer
889 1086 1133 1185 praescriptum
1150 1101 1220 1160 tes·

154 1218 357 1278 lamentum
373 1202 487 1300 sigillo
504 1228 570 1276 suo
588 1203 756 1302 signavit,
775 1218 811 1276 et
827 1228 874 1275 ne
891 1203 971 1300 quis
988 1202 1034 1274 ad
1051 1201 1223 1302 placitum

156 1317 357 1393 monachos
374 1318 420 1392 de
435 1318 492 1391 his
507 1318 627 1410 rebuS,
647 1344 735 1418 quas
752 1318 871 1414 edicto
887 1315 1074 1416 principali
1092 1316 1220 1404 sanxit,

155 1436 226 1508 uisi
249 1436 286 1506 in
313 1434 412 1506 curia
438 1433 546 1532 regali
570 1448 800 1535 provocaret,
832 1433 988 1531 generali
1014 1434 1223 1507 auctoritate

155 1547 353 1647 prohibuit.
372 1551 471 1621 Tunc
486 1549 593 1621 etiam
610 1575 654 1621 nx
672 1550 847 1640 bacones,
867 1563 903 1622 et
920 1577 944 1620 x
960 1549 1104 1622 modios
1119 1547 1223 1620 tritici

157 1665 382 1740 Uticensibus
405 1665 594 1739 monachis
613 1663 730 1756 dedit,
755 1680 791 1738 et
812 1665 987 1756 Johanni,
1012 1663 1224 1737 Luxoviensi

156 1783 348 1880 episcopo,
376 1795 416 1853 ut
442 1781 599 1854 triticum
621 1779 809 1854 monacbis
836 1779 933 1878 apud
964 1785 1221 1877 Argentomum

157 1911 335 1994 erogaret,
351 1896 518 1995 praecepit
528 1895 559 1993 (l
569 1896 596 1994 ).
613 1893 722 1985 Quod
734 1893 794 1967 ille
803 1893 967 1986 libenter,
983 1910 1018 1967 et
1031 1895 1108 1967 sine
1124 1915 1225 1966 mora

157 2010 378 2110 adimplevit.
400 2010 584 2084 Celebrata
599 2035 704 2103 vero,
724 2025 765 2083 ut
782 2009 918 2083 dictum
936 2020 1006 2101 est,
1032 2008 1129 2110 apud
1149 2009 1223 2083 Uti·

157 2151 242 2199 cum
261 2127 460 2216 festivitate,
481 2125 571 2198 lines
586 2125 743 2224 regionis
758 2151 830 2198 suae
846 2150 907 2198 rex
923 2127 1080 2225 perrexit
1094 2126 1221 2215 visere,

158 2256 194 2314 et
201 2240 398 2314 infirmiora
410 2256 511 2315 terrae
523 2257 650 2314 contra
658 2241 781 2314 hostes
790 2256 827 2313 et
835 2238 1056 2316 latrunculos
1066 2240 1220 2312 munire.

207 2360 327 2429 XLlV.
343 2357 404 2428 llis
413 2356 649 2456 temporibus,
662 2355 749 2430 dum
759 2354 920 2429 liliilucis
931 2356 1127 2454 gauderent
1136 2379 1225 2453 pace

160 2487 195 2546 et
209 2472 474 2572 tranquillitate,
491 2489 527 2546 et
537 2472 601 2546 filii
611 2473 846 2548 nihilominus
859 2471 1088 2546 tenebrarum
1101 2473 1225 2543 stimu-

158 2586 318 2660 larentur
330 2589 486 2687 nequitia
495 2604 532 2661 et
542 2589 750 2688 inquietate,
763 2604 841 2661 orta
852 2603 905 2661 est
916 2588 1087 2661 dissentio
1096 2608 1226 2682 magna

158 2703 196 2774 in
217 2727 329 2800 regno
347 2707 586 2796 Francorum,
607 2729 672 2804 per
690 2729 799 2803 quam
817 2703 1009 2777 crudeliter
1023 2702 1156 2774 effusus
1172 2713 1226 2771 est

157 2818 301 2915 sanguis
314 2815 525 2891 multorum.
544 2823 634 2890 Nam
650 2817 760 2891 Falco
772 2819 911 2916 junior,
927 2840 1051 2890 comes
1063 2814 1225 2910 Andega-

157 2933 294 3025 vensis,
314 2934 377 3032 qui
390 2959 500 3031 gener
516 2948 551 3006 et
568 2933 673 3006 heres
689 2947 766 3005 erat
781 2930 890 3006 Heliae
907 2935 1226 3009 Cenomonnorum

156 3047 317 3140 comitis,
337 3048 510 3122 instinctu
529 3047 696 3122 Amalrici
716 3047 885 3121 avunculi
902 3047 958 3119 sui
976 3045 1050 3144 (2),
1069 3043 1226 3116 Henrioo

157 3162 234 3259 regi
250 3163 384 3236 damna
396 3160 531 3237 inferre
545 3162 741 3262 satagebat,
758 3178 793 3236 et
810 3161 1033 3236 Ludovicum
1046 3184 1168 3257 regem
1179 3155 1226 3230 ad

158 3279 215 3349 sui
240 3278 459 3376 adjutorium
484 3281 570 3354 totis
594 3279 731 3356 nisibus
755 3279 972 3379 implorabat
997 3277 1066 3376 (3).
1091 3281 1227 3350 verum

195 3608 235 3682 (l)
247 3608 328 3664 Cette
340 3609 437 3664 charte
448 3609 493 3664 n'a
506 3611 588 3684 point
596 3612 642 3667 tte
654 3610 781 3684 publice,
795 3609 864 3664 mais
876 3607 930 3665 elle
941 3618 983 3665 est
996 3608 1146 3682 musignee
1157 3605 1228 3661 dans

158 3697 185 3753 le
195 3697 344 3754 cartulaire
353 3697 388 3753 de
397 3697 588 3755 saint-tumul
600 3709 785 3774 appartenant
796 3702 812 3755 l
824 3698 850 3754 la
861 3697 1058 3774 Bibliothtque
1069 3695 1226 3764 Nationale,

160 3798 180 3842 t.
192 3787 222 3856 1,
239 3785 382 3842 tot.1vv·.
399 3788 437 3842 La
452 3786 604 3844 redevance
615 3807 651 3844 en
665 3788 788 3844 frement
804 3799 833 3843 et
849 3806 885 3842 en
902 3807 972 3862 porc
988 3787 1044 3844 sale
1060 3788 1105 3860 n'y
1121 3796 1163 3842 est
1178 3801 1226 3858 pas

160 3873 313 3947 comprise,
327 3885 356 3930 et
369 3874 459 3948 parait
468 3876 546 3931 avoir
557 3877 603 3931 e'te'
613 3874 711 3948 l’objet
721 3875 789 3930 d’nn
803 3874 869 3930 bref
878 3873 1006 3932 distinct.
1018 3875 1058 3932 Ce
1070 3873 1167 3930 n'e'trit
1177 3887 1227 3945 pas

160 3981 269 4020 comme
281 3963 395 4038 eaeque,
410 3965 479 4019 mala
491 3963 704 4038 probablement
717 3983 828 4021 comme
842 3963 961 4023 vicomte
973 3964 1155 4038 d’llrgentan,
1170 3977 1230 4035 que

160 4053 228 4108 Jean
240 4053 310 4108 etait
320 4052 423 4126 charge
433 4052 470 4108 de
478 4053 647 4128 l’acquitter.

193 4142 233 4213 (ἢ)
251 4141 367 4196 Amauri
379 4140 415 4196 de
427 4141 581 4213 Montiort,
595 4140 668 4198 frere
679 4140 715 4197 de
727 4141 871 4199 Bertrade.

195 4229 236 4299 (³)
255 4228 336 4284 Cette
347 4229 486 4302 premiere
499 4247 600 4303 guerre
611 4240 691 4286 entre
702 4229 830 4305 Foulque
842 4241 871 4286 et
884 4229 973 4286 Henri
987 4227 1022 4282 1⁸
1033 4225 1104 4282 n’est
1115 4241 1227 4281 connue
