2888 4934
197 429 295 525 trior]
523 437 642 510 trena
663 447 904 511 nunacmus.
1187 453 1241 518 mr

202 600 206 607 ·
278 577 350 632 Nam
361 576 419 646 leo,
434 595 520 633 necne
531 576 628 652 lupus,
643 579 742 649 draeo,
755 580 852 654 perdix
862 583 902 653 (l)
913 590 942 635 et
954 581 1109 654 basiliscus,

278 666 393 743 Milvus,
410 687 485 741 aper,
500 668 606 742 palpes,
621 670 710 738 canis,
724 688 818 739 ursus,
834 670 930 739 irudo,
943 682 1058 728 cerastes

276 747 312 809 Et
324 752 439 811 coluber
451 754 482 811 iit
493 765 586 828 auos,
598 757 665 812 dum
678 756 760 814 nobis
772 757 930 826 insidiatur,

277 843 458 919 Exitinmque
470 841 536 899 dolo
547 862 595 900 sen
606 847 631 901 si
645 845 753 901 stolidis
765 846 926 902 meditatur.

273 931 380 987 Cetera
394 930 471 986 mille
482 942 579 1005 patent
590 932 740 989 lectoribus
752 934 904 1008 ingeniosis

279 1019 414 1088 Nomina,
427 1038 479 1094 pro
491 1022 573 1077 variis
583 1021 687 1096 quibus
697 1022 789 1078 utitur
799 1024 906 1079 artibus
917 1023 1015 1080 hostis.

279 1110 445 1165 Innumeros
456 1108 542 1165 sedat
553 1110 644 1180 viciis,
657 1120 685 1167 et
697 1129 766 1186 saepe
777 1111 910 1168 trucidat.

278 1197 353 1253 Proh
366 1197 461 1253 dolor!
475 1198 603 1271 ingentes
616 1202 735 1272 pereunt
748 1199 912 1275 plerumque
923 1201 1083 1274 phalanges.

312 1288 471 1355 Remeat,
484 1305 553 1343 erue
565 1305 630 1355 nos,
643 1289 716 1344 bone
726 1291 807 1357 lesu.
823 1293 931 1345 summe
943 1289 1091 1361 Sacerdos,

278 1374 321 1432 Ne
332 1395 397 1431 cum
407 1375 573 1432 damnandis
585 1394 635 1432 noa
646 1376 751 1432 inficiat
762 1388 839 1432 vetus
850 1379 957 1452 anguis.

277 1462 333 1520 Sed
345 1464 422 1519 viciis
434 1463 554 1519 mundos
566 1453 646 1518 trahe
658 1463 754 1520 mundi
767 1464 802 1520 de
815 1465 911 1539 pelago
926 1484 990 1535 nos,

278 1553 312 1607 Et
325 1553 398 1607 socia
408 1551 516 1608 Sanctis
528 1558 625 1625 super'a
638 1550 790 1608 clementer
802 1553 830 1607 in
842 1552 914 1609 aula.
928 1556 1027 1610 Amen.

236 1702 266 1766 l.
287 1701 392 1767 Anno
418 1678 466 1768 sb
487 1696 735 1769 incarnatione
762 1697 908 1768 Domini
931 1704 972 1768 n⁰
993 1705 1027 1770 c⁰
1047 1705 1102 1786 11⁰,
1131 1675 1246 1772 indic-

193 1813 287 1885 tione
296 1821 361 1902 rx',
378 1794 564 1901 immicus,
580 1836 641 1883 rex
650 1810 855 1908 Anglorum
873 1836 961 1911 paee
973 1836 1056 1882 eum
1066 1813 1246 1891 Rodberto

192 1926 295 2001 fratre
305 1952 373 1999 suo
383 1926 485 2017 lacta,
500 1927 537 1998 in
549 1951 658 2023 regno
671 1925 903 1998 confirmatus
915 1942 980 2018 est,
995 1943 1030 2000 et
1041 1954 1148 2028 super
1165 1955 1248 2028 pro·

191 2042 406 2139 ditores,qui
415 2057 575 2142 tempore
585 2043 800 2116 necessitatis
812 2068 883 2114 suae
892 2045 1055 2141 nequiter
1063 2045 1109 2119 ab
1118 2045 1179 2117 illo
1187 2046 1247 2119 de·

189 2161 376 2250 sciverant,
384 2157 552 2258 paulatim
560 2157 1244 2258 ulcisciconatusest.Namllodbertum,

189 2289 428 2372 cognomento
447 2272 614 2345 Maletum
636 2287 672 2344 et
689 2277 836 2345 lvonem
853 2273 898 2346 de
915 2259 1244 2366 Grentemaisnilio,

189 2389 410 2461 liudbertum
423 2388 468 2460 de
481 2387 720 2477 Pontesracto,
736 2387 849 2460 filium
861 2388 983 2465 ilberti
994 2389 1039 2462 de
1053 2392 1193 2480 Laceio‚
1211 2407 1246 2464 et

187 2505 427 2601 potentiorem
454 2504 621 2575 omnibus
648 2503 735 2593 illis,
765 2503 984 2577 Rodbertum
1003 2505 1048 2576 de
1075 2506 1243 2596 Befismn,

188 2618 346 2716 aliosque
373 2618 602 2718 quamplures
628 2617 674 2690 ad
701 2617 876 2715 judicium
903 2622 1146 2710 summonuit;
1179 2646 1246 2692 nec

187 2733 304 2823 simul,
324 2733 388 2805 sed
402 2735 605 2832 separatim,
622 2734 797 2831 variisque
813 2734 1047 2833 temporibus,
1067 2734 1112 2806 de
1125 2733 1244 2831 multi-

188 2848 305 2921 modis
330 2848 468 2920 violatae
497 2848 580 2921 fidei
607 2847 762 2921 reatibus
790 2848 1031 2947 implacitavit.
1060 2847 1243 2936 Quosdam

189 2989 333 3053 eorum,
359 2967 420 3061 qui
438 2964 538 3037 sede
557 2964 697 3060 objecto
718 2965 865 3035 crimine
876 2986 1033 3062 ¹purgare
1049 2988 1123 3034 non
1142 2978 1245 3061 pote-

190 3095 285 3168 rant,
309 3079 444 3177 ingenti
463 3080 614 3178 pecunia
631 3078 900 3167 condemnavit,
921 3077 1008 3149 alios
1025 3103 1130 3170 vero,
1153 3103 1246 3177 quos

190 3197 298 3292 magis
317 3209 500 3293 suspectos
519 3193 692 3284 habebat,
713 3192 1031 3291 irrecuperabiliter
1050 3194 1244 3267 exhereda·

191 3324 240 3381 tos
257 3309 400 3382 exulare
418 3308 622 3407 compulit(
647 3309 677 3406 ).

234 3429 278 3495 ll.
298 3426 584 3523 sequentianno,
600 3422 808 3496 Guillelmus
822 3422 868 3495 de
879 3425 1072 3497 Guarenna
1085 3424 1243 3497 Rodber·

221 3651 257 3719 (l)
271 3649 350 3704 Nous
362 3666 464 3720 voyons
477 3667 540 3703 avec
552 3648 674 3720 surprise
686 3646 788 3719 ligurer
802 3645 870 3701 dans
881 3667 911 3701 ce
924 3664 983 3700 cers
997 3647 1163 3704 l'innoccnte
1175 3668 1244 3722 per-

192 3736 256 3794 drix.
274 3737 419 3793 Pentetre
436 3738 476 3792 lui
495 3736 689 3792 attribnaiton
705 3735 755 3790 des
767 3747 861 3791 sertus
874 3736 1028 3808 magiques.
1044 3734 1121 3803 Nous
1134 3738 1244 3794 n'osons

193 3825 257 3881 done
269 3846 318 3900 pas
332 3844 466 3899 proposer
476 3826 596 3899 pardus,
611 3843 648 3880 ou
661 3826 753 3880 miens
765 3825 906 3898 pardalis,
919 3828 935 3878 a
949 3823 974 3878 la
988 3824 1065 3898 place
1077 3824 1113 3880 de
1126 3826 1151 3880 la
1164 3825 1243 3899 lacon

192 3912 225 3968 dn
235 3917 396 3971 manuscrit.

221 4005 258 4075 (2)
273 4005 391 4059 L’annee
404 4007 474 4062 illi
486 4004 553 4058 etait
564 4002 589 4056 la
601 4002 721 4057 disiime
731 4001 766 4056 de
775 4000 941 4059 l'indiction.
951 4033 985 4044 -
1002 4001 1056 4058 Sur
1069 4002 1174 4058 llobcrt
1187 4006 1243 4059 lla·

195 4091 237 4161 let,
254 4111 337 4166 noyez
356 4092 418 4166 plus
434 4093 496 4160 bas,
517 4112 546 4165 p.
567 4095 628 4149 tot.
648 4092 702 4147 Sur
719 4090 759 4145 les
776 4097 867 4147 autres
885 4108 1083 4163 personnrgcs,
1103 4110 1184 4163 voyez
1205 4092 1242 4148 les

195 4191 264 4238 notes
274 4182 313 4236 du
324 4182 393 4238 livre
407 4182 445 4237 X.

258 4298 306 4342 tv.
1073 4272 1111 4338 ll
