2888 4934
246 219 354 298 [not]
584 214 700 277 traca
722 216 964 279 uunactuus.
1243 220 1305 281 aaa

244 371 329 446 que,
347 361 385 421 et
400 370 481 446 quae
492 347 645 421 latenter
654 349 861 446 agebantur,
880 347 1128 449 pernoscebat,
1145 351 1305 424 attonitis

246 486 372 539 eorum
392 464 613 557 auctoribus,
637 467 822 565 quomodo
845 491 906 538 rex
929 466 1133 563 indaginem
1159 489 1307 540 arcuim-

247 604 326 653 rum
338 596 500 654 noverat.
514 580 708 679 Diligenter
719 582 887 654 revolutis
896 583 1127 679 antiquorum
1135 579 1303 672 historiis,

247 696 415 770 audacter
429 721 549 770 assero
565 696 665 794 quod
683 695 801 768 nullus
818 722 943 794 regum
959 697 995 768 in
1014 722 1124 795 regno
1140 696 1303 794 Anglioo,

247 826 420 907 quantum
436 813 589 911 pertinet
601 811 648 884 ad
662 812 866 884 saecularem
878 814 1021 902 fastum,
1034 813 1096 883 luit
1106 811 1227 904 ditior,
1244 837 1306 885 seu

247 927 427 1022 potentior
442 930 609 999 Henrico.

293 1043 416 1112 xxiv.
430 1045 535 1113 Anno
546 1042 592 1114 ab
603 1045 852 1116 lucaruatione
865 1044 1012 1115 Domini
1024 1049 1065 1115 u‘
1076 1051 1110 1116 c⁰
1121 1048 1197 1135 vm,
1213 1046 1308 1116 Hen-

248 1155 340 1226 ricus
357 1181 418 1228 rex
436 1182 602 1256 proceres
620 1184 704 1243 suos
720 1161 949 1250 convocavit,
970 1174 1005 1232 et
1023 1158 1244 1232 Rodbertum
1261 1158 1307 1231 de

248 1273 451 1345 Montelorti
461 1274 516 1370 (l)
529 1273 665 1373 placitis
677 1275 724 1347 de
735 1276 866 1349 violata
876 1275 947 1347 fide
956 1274 1189 1376 propulsavit.
1203 1274 1308 1346 Unde

247 1387 360 1479 idem,
377 1391 461 1488 quia
480 1415 582 1462 reum
598 1417 636 1463 se
650 1391 775 1482 sensit,
795 1391 974 1463 licentiam
992 1389 1100 1461 eundi
1117 1388 1308 1462 ierusalem

248 1505 399 1602 aoeepit,
423 1518 606 1604 totamque
628 1521 758 1578 terram
778 1529 880 1576 suam
901 1505 974 1601 regi
995 1504 1148 1601 reliquit.
1169 1501 1307 1576 Deinde

247 1640 327 1688 cum
356 1618 571 1717 quibusdam
598 1620 902 1693 commilitonibus
931 1621 1003 1691 suis
1028 1620 1210 1717 profectus
1237 1631 1303 1690 est.

246 1735 370 1821 Porro,
391 1735 641 1808 Buamundum
658 1738 694 1807 in
713 1735 836 1834 Apulia
854 1735 1002 1823 invenit,
1021 1733 1143 1831 ibique
1160 1755 1308 1832 compa·

246 1847 368 1919 triotas
385 1872 469 1921 suos
487 1849 646 1947 gaudens
662 1850 883 1946 recognovit.
905 1854 1008 1947 Hugo
1025 1849 1121 1920 euim
1138 1847 1184 1919 de
1203 1851 1307 1920 Pusa-

243 1962 297 2034 cio
310 1963 368 2061 (2)
384 1979 420 2037 et
436 1965 559 2037 Simon
577 1964 623 2036 de
640 1970 766 2054 Aneto,
785 1964 957 2037 Rodulfus
973 1980 1118 2063 quoque
1132 1961 1179 2034 de
1194 1966 1308 2034 Ponte

242 2079 472 2153 Embenfredi
485 2096 520 2153 et
528 2079 774 2168 Guascelinus,
790 2079 897 2152 irater
910 2079 986 2174 ejus
998 2080 1067 2176 (3),
1081 2076 1216 2175 aliique
1228 2074 1307 2176 plu·

243 2192 747 2293 tesdeCisalpiniserantcum
756 2193 984 2266 Buamundo.
1003 2192 1165 2292 Plerique
1175 2192 1221 2264 de
1230 2189 1306 2263 aliis

242 2309 446 2383 nationibus
461 2312 649 2406 transitum
673 2311 782 2384 maris
804 2309 1075 2409 exspectabant,
1098 2309 1161 2406 qui
1180 2329 1307 2379 omnes

241 2446 322 2496 mm
338 2426 486 2524 prelato
499 2426 592 2499 duce
605 2441 731 2500 contra
745 2432 1003 2526 Imperatorem
1019 2425 1188 2497 dimicare
1203 2436 1306 2521 opta-

241 2536 340 2630 bant,
359 2557 397 2613 et
416 2541 509 2614 illius
527 2541 754 2632 liberalitate,
779 2559 851 2615 tam
876 2540 943 2613 sibi
961 2564 1071 2637 quam
1091 2540 1192 2637 equis
1212 2537 1302 2627 suis,

239 2653 411 2750 pabulum
428 2656 464 2727 in
481 2656 542 2729 illa
556 2657 819 2756 praestolatione
834 2653 1037 2729 sumebant.
1057 2651 1120 2725 Ille
1136 2652 1306 2724 nimirum

240 2783 290 2841 tot
306 2769 503 2870 phalanges
522 2796 588 2871 per
605 2772 792 2844 biennium
808 2772 924 2870 pavit,
943 2769 1181 2866 aerariumque
1198 2789 1305 2838 suum

239 2909 330 2981 pene
356 2901 472 2959 totum
496 2887 675 2978 exhausit,
704 2902 739 2959 et
763 2910 873 2959 naves
900 2883 1070 2957 omnibus
1092 2885 1170 2956 sine
1195 2879 1305 2955 naulo

238 2995 397 3072 hilariter
423 3000 595 3074 exhibuit.
626 3001 849 3074 Rodbertum
875 3013 996 3072 autem
1026 2997 1072 3070 de
1098 2995 1305 3068 Monteforti

238 3110 438 3189 honorifice
453 3119 624 3217 suscepit,
646 3133 699 3209 et,
722 3119 886 3194 nesciens
905 3140 976 3213 qua
995 3114 1041 3186 de
1059 3137 1165 3186 causa
1186 3111 1305 3187 natale

269 3415 308 3488 (ll
329 3413 408 3470 Nous
422 3433 506 3471 avons
520 3420 583 3490 deja
594 3438 629 3473 vu
643 3437 675 3473 oe
688 3435 862 3492 personme
874 3416 979 3490 figurer
989 3433 1099 3470 comme
1113 3415 1181 3470 chel
1190 3413 1226 3469 de
1239 3412 1301 3467 l’ar·

237 3507 297 3560 tude
312 3503 474 3561 Normande
490 3504 560 3561 dans
575 3507 601 3562 le
620 3507 711 3562 Maiae
727 3526 762 3562 en
784 3510 864 3564 4090.
884 3504 986 3560 C’etait
1001 3503 1028 3558 le
1043 3503 1117 3559 frere
1131 3503 1166 3559 de
1183 3503 1298 3575 lingue,

238 3592 379 3648 troisidme
395 3592 434 3647 du
450 3612 531 3662 nom,
545 3604 574 3650 et
590 3593 689 3650 l’oncle
701 3594 737 3648 de
748 3594 852 3668 Hugue
864 3593 908 3652 IV
918 3591 956 3647 de
967 3589 1119 3658 llontfort,
1135 3590 1184 3665 qui
1199 3591 1301 3662 eponae

239 3679 354 3736 Adeline
364 3679 400 3736 de
413 3680 536 3736 Meuian.

270 3767 310 3840 (2)
329 3767 369 3823 Ce
382 3767 479 3824 n’etait
491 3787 539 3842 pas
551 3768 577 3824 le
589 3771 712 3843 premier
723 3770 851 3844 guerr-ier
864 3786 920 3844 que
934 3778 1008 3824 cette
1019 3765 1123 3823 familie
1135 3764 1185 3821 etit
1196 3763 1301 3834 envoy&

240 3852 288 3910 lla
299 3854 389 3910 Terre
400 3856 504 3912 sainte.
520 3857 615 3929 Voyea
629 3856 782 3930 ci·deaaua,
795 3868 815 3913 t.
828 3856 886 3926 ΠΙ,
901 3876 930 3931 p.
944 3859 1005 3913 tat.

272 3945 310 4012 (3)
329 3945 424 4017 Voyez
436 3945 587 4013 ridemus,
602 3965 629 4019 p.
644 3950 707 4005 2⁴³.
