3190 5064
335 481 416 564 ‘Qlssl
626 487 810 550 HISTORIA
832 482 1136 550 ECCLRSleTlGA.
1297 490 1405 571 [tttt]

354 622 464 695 dendi
482 646 521 696 se
543 647 617 696 uon
638 617 853 696 habuemut.
877 621 947 695 Sed
968 621 1142 720 capitibus
1161 623 1343 718 nequitie,
1366 639 1407 696 ut

353 737 490 810 diuum
518 751 589 830 est,
620 739 883 836 conquassatis,
913 736 1087 834 conjurati
1116 735 1255 808 sodales
1277 762 1405 810 eorum

353 853 546 942 siluerunt,
577 853 682 925 etde
710 877 886 926 consensu
910 851 1083 925 duntaxat
1109 850 1267 949 perfidias
1288 852 1406 952 detegi

352 991 474 1039 coram
488 968 682 1063 justitiariis
701 982 738 1039 et
753 967 963 1066 jurisperitis
982 965 1179 1041 admodum
1196 968 1402 1040 timuerunt.

341 1085 449 1153 Tunc
468 1081 654 1155 bissextilis
677 1097 753 1155 erat
776 1105 890 1154 annus
911 1081 986 1178 (l),
1008 1106 1069 1173 ac,
1096 1082 1187 1154 sicut
1205 1083 1312 1178 vulgo
1334 1083 1406 1156 dici

351 1197 570 1290 audivimus,
591 1221 697 1298 super
712 1196 912 1297 proditores
927 1221 1050 1270 revera
1066 1198 1200 1269 corruit
1214 1196 1401 1270 bissextus.

325 1331 326 1336 ’
352 1311 523 1385 Paulatim
536 1313 670 1385 viribus
681 1313 817 1405 elloetis,
833 1314 1026 1386 amalricus
1037 1325 1074 1384 et
1084 1311 1261 1410 Lupellus,
1275 1313 1406 1410 aliique

351 1427 471 1501 hostes
500 1453 625 1528 pacem
655 1431 745 1526 regis
775 1442 1078 1527 procuraverunt,
1111 1440 1147 1499 et
1175 1426 1406 1499 Guillelmum

351 1545 508 1636 exulem,
531 1570 640 1643 quem
659 1544 859 1618 nullatenus
876 1545 1001 1642 juvare
1020 1542 1201 1634 valebant,
1223 1543 1324 1614 inviti
1341 1542 1405 1616 de·

350 1675 548 1732 seruerunt.
564 1659 721 1733 Tandem
734 1659 801 1758 ipsi
817 1659 997 1731 humiliter
1012 1658 1085 1756 regi
1099 1657 1353 1749 satisfecemnt,
1369 1673 1405 1730 et

350 1775 541 1848 amicitiam
562 1777 657 1873 ejus,
687 1801 771 1848 cum
796 1775 1055 1873 praeteritorum
1083 1772 1302 1870 indulgentia
1327 1798 1405 1848 rca-

351 1904 467 1984 tuum,
482 1904 793 1991 recuperaverunt,
809 1905 916 1988 atque
932 1889 1101 1986 pristinos
1113 1887 1270 1962 honores
1284 1889 1404 1989 adepti

350 2020 446 2078 stult.

351 2152 356 2161 ·
399 2124 486 2192 XLl.
509 2122 571 2192 llis
591 2121 698 2194 rebus
713 2124 761 2195 ita
776 2121 944 2221 peractis,
965 2135 1110 2221 pactum
1125 2119 1305 2192 Guillelmi
1321 2143 1404 2192 curn

350 2233 661 2330 Andegavensibus
677 2237 877 2336 disruptum
891 2251 956 2326 cst,
974 2251 1010 2309 et
1022 2236 1097 2334 ipse
1109 2260 1193 2308 cum
1205 2234 1319 2328 Helia,
1337 2259 1404 2333 pu*

349 2345 488 2445 dngogo
504 2373 585 2440 suo,
604 2366 641 2422 et
654 2351 782 2423 Tirello
798 2351 844 2424 de
859 2351 1035 2423 Malueriis
1048 2349 1117 2448 (2),
1138 2363 1284 2422 externa
1304 2371 1403 2446 map-

384 2617 424 2689 (l)
442 2617 523 2674 Cettc
535 2635 680 2692 renrarqne
692 2635 747 2693 qne
756 2615 863 2673 l’annee
876 2619 944 2673 etait
956 2616 1096 2672 bissextile
1106 2633 1177 2672 nous
1187 2615 1281 2692 oblige
1292 2615 1329 2671 de
1339 2633 1403 2688 rap-

348 2715 445 2780 porter
453 2705 492 2761 les
503 2708 678 2763 &venements
688 2710 704 2761 a
713 2705 802 2780 partis
812 2704 848 2760 de
856 2705 883 2761 la
890 2704 1000 2761 bataille
1010 2703 1045 2760 de
1054 2704 1284 2778 Rongemontier,
1296 2707 1314 2760 a
1324 2706 1402 2772 4424,

348 2793 397 2868 qui
410 2791 522 2867 remplit
532 2803 605 2850 cette
617 2793 776 2859 nunditiam
790 2811 840 2867 par
851 2795 1021 2868 consequent
1032 2791 1058 2848 la
1070 2794 1144 2866 prise
1155 2791 1191 2848 de
1199 2791 1403 2850 Pontaudemer

348 2879 416 2937 etla
431 2883 564 2938 tentative
579 2882 614 2938 de
628 2883 750 2957 surprise
764 2881 798 2937 de
811 2881 909 2938 Gisors
921 2885 938 2936 a
949 2884 1028 2940 4423.

383 2967 457 3052 C'est
472 2969 612 3026 d’ailleurs
629 2990 665 3026 en
683 2973 752 3028 4424
766 2989 801 3026 au
817 2971 879 3044 plus
899 2969 962 3026 tard
980 2969 1048 3045 qu’il
1061 2971 1120 3026 lant
1135 2969 1229 3044 placer
1244 2969 1271 3026 la
1288 2981 1403 3045 rupture

349 3055 388 3113 du
405 3059 527 3133 mariage
543 3057 578 3114 ‹le
593 3057 755 3116 Guillaurne
767 3057 861 3114 Cliton
874 3076 938 3114 avec
950 3056 1054 3132 sibylte
1065 3056 1196 3129 d’Anjou.
1210 3057 1289 3114 Nous
1300 3059 1403 3115 mont

349 3145 439 3202 meme
450 3148 531 3221 porte'
542 3149 557 3204 l
570 3148 660 3202 croire
672 3145 772 3221 qu'elle
783 3155 833 3204 eut
842 3144 900 3201 lieu
913 3154 994 3200 avant
1006 3143 1031 3199 ln
1045 3143 1083 3198 fin
1095 3143 1130 3198 de
1142 3147 1222 3203 4422.

383 3233 458 3291 C’est
469 3252 525 3289 une
535 3234 714 3307 superstition
726 3235 775 3308 qui
787 3244 912 3290 remonte
920 3232 1069 3308 jusqn’aux
1080 3229 1228 3298 Romaim,
1239 3233 1329 3306 etqui
1343 3231 1404 3288 s'est

348 3319 514 3396 prolonssee‚
533 3325 547 3376 a
568 3333 672 3377 trarers
689 3321 714 3377 le
730 3339 830 3394 moyen
848 3323 916 3395 ige,
932 3339 1050 3396 presque
1064 3319 1175 3394 jusqn’a
1193 3337 1244 3376 nos
1255 3321 1349 3393 jnms,
1369 3320 1404 3376 de

347 3426 483 3482 supposes
497 3427 552 3486 qne
567 3412 607 3468 les
623 3413 724 3467 annas
740 3409 892 3466 bissextiles
909 3410 1013 3464 etaient
1029 3407 1093 3482 plns
1109 3405 1239 3463 secordes
1255 3425 1292 3463 en
1305 3411 1403 3464 erue·

349 3509 440 3555 urents
457 3499 639 3556 malbeureux
654 3517 710 3574 que
725 3499 859 3569 donnes,
877 3507 907 3553 et
919 3497 954 3554 de
966 3495 1028 3552 dire
1042 3513 1098 3571 que
1111 3496 1138 3550 le
1150 3495 1269 3552 bissexte
1288 3497 1405 3554 tombait

350 3604 398 3642 sur
409 3584 474 3642 telle
485 3605 622 3660 personne
633 3607 670 3643 ou
683 3585 807 3642 sustolle
821 3586 915 3642 chose.
931 3585 1024 3656 Voyez
1039 3584 1083 3639 Du
1097 3583 1205 3656 Gange,
1218 3601 1253 3638 au
1268 3595 1328 3640 mot
1339 3585 1403 3640 Bis-

349 3684 457 3732 sextus.

383 3764 424 3834 (2)
441 3761 519 3818 Tirel
535 3762 570 3818 de
584 3763 747 3832 blainieres,
763 3765 828 3837 pres
842 3759 1017 3818 Neolcbitel.
1035 3761 1075 3817 Ce
1087 3760 1179 3816 derait
1195 3761 1256 3816 istro
1271 3759 1297 3815 le
1313 3759 1356 3814 fits
1369 3758 1406 3813 de

349 3849 458 3907 Robert
468 3849 503 3905 de
513 3849 669 3918 biumbres,
684 3850 753 3906 dont
764 3850 791 3905 le
801 3846 885 3904 vassel
900 3871 905 3902 :
926 3847 1074 3920 Warulfus
1083 3847 1119 3902 de
1134 3845 1305 3902 Chesrevillo
1317 3846 1406 3917 (Que-

348 3938 637 4010 vrevillelalllilon),
654 3937 755 4012 deposa
769 3956 819 4011 par
831 3954 882 3992 son
894 3935 992 4004 ordre,
1007 3953 1043 3992 en
1058 3938 1142 4005 tots,
1158 3952 1206 3990 sur
1223 3933 1315 3990 l’autel
1331 3933 1365 3988 de
1380 3933 1406 3988 la

350 4025 626 4095 Trinitd-du-blout,
642 4045 694 4097 per
710 4045 795 4080 unum
810 4025 949 4097 capellum
965 4023 1120 4096 vulpinum,
1137 4021 1165 4076 la
1180 4021 1314 4078 donation
1326 4021 1361 4078 de
1373 4041 1405 4076 oe

350 4113 490 4173 domnine.
502 4115 526 4170 Il
532 4112 654 4170 conceda
662 4111 698 4168 de
706 4113 768 4186 plus
776 4114 883 4168 laterre
891 4110 958 4167 d’on
965 4129 1136 4186 personnage
1144 4113 1256 4166 nomme
1265 4109 1403 4174 osberne,

351 4202 393 4258 fils
402 4201 437 4258 de
448 4204 581 4276 llaingot,
594 4213 623 4260 et
632 4212 712 4275 secut
722 4210 786 4256 cent
796 4199 848 4256 sols
858 4203 954 4257 'acette
963 4201 1099 4271 occulos,
1110 4217 1181 4274 pour
1190 4197 1301 4256 toutela
1309 4209 1404 4254 moute
