3140 5076
386 511 448 574 aas
659 507 846 574 ursmare
867 492 1173 579 uectuslts't'tca.
1342 516 1444 594 [rna]

385 657 422 718 et
445 641 639 740 burgenses
663 665 739 714 non
766 656 807 716 ut
828 641 1023 718 deouissset
1046 643 1234 744 diligebat,
1260 668 1327 718 eeu
1351 669 1445 720 com·

384 758 521 856 petenti
536 757 617 853 jure
637 755 854 864 honorabat.
880 757 1110 834 Adulantium
1135 759 1268 852 favori,
1296 783 1376 832 non
1399 785 1448 835 se·

384 898 475 947 num
495 872 664 965 consilio,
685 897 787 950 more
806 872 981 965 Roboam,
1002 874 1273 976 adquiescehat,
1293 891 1331 950 et
1348 879 1448 977 oppi-

384 988 499 1062 danos
521 987 682 1065 infideles
701 987 769 1062 sibi
788 1003 825 1060 et
846 989 920 1087 regi
941 990 1162 1066 autumabat.
1186 991 1291 1066 Unde
1311 992 1448 1089 injuriis

383 1127 447 1176 eos
471 1118 509 1176 et
534 1103 685 1176 insolitis
711 1103 957 1178 exactionibus
981 1105 1226 1206 opprimebat,
1256 1107 1449 1205 minusque

383 1243 494 1318 quam
524 1234 718 1320 oporteret,
749 1220 837 1318 quid
867 1220 953 1296 inde
981 1239 1191 1322 sequeretur
1216 1223 1445 1325 previdebat.

383 1338 547 1436 Denique
578 1361 705 1413 omnes
730 1337 916 1428 convenit,
944 1353 981 1411 et
1006 1339 1055 1412 ab
1082 1340 1133 1414 eie
1166 1355 1208 1413 ut
1237 1339 1334 1414 lilios
1368 1365 1449 1413 suos

383 1449 450 1526 sibi
479 1449 621 1526 obsides
648 1450 798 1543 darent,
834 1453 961 1550 exegit.
995 1455 1099 1528 lnriti
1127 1468 1163 1528 et
1187 1456 1302 1528 eoacti
1332 1455 1447 1554 impe·

382 1566 477 1639 ranti
496 1564 850 1657 obsecundaverunt;
868 1568 932 1640 sed
945 1567 1188 1646 malivolentia
1204 1569 1317 1670 pleni,
1338 1569 1450 1642 ultio·

383 1682 439 1754 nis
461 1695 605 1782 tempus
622 1683 926 1758 desideraverunt.
950 1684 1176 1760 Iracundiam
1193 1686 1331 1785 quippe
1349 1709 1449 1758 suam

382 1796 511 1872 callide
531 1797 773 1892 occultarunt;
800 1798 864 1874 sed
889 1798 1114 1874 manifestam
1132 1824 1208 1873 non
1232 1798 1352 1872 multo
1372 1817 1449 1899 poet

383 1911 579 1986 vindictam
597 1913 790 1987 machinati
801 1930 897 1988 sunt.
912 1919 1042 1989 Comes
1053 1930 1175 1990 autem
1187 1912 1336 1989 obsides
1355 1939 1448 1988 acce·

382 2029 451 2128 pit,
472 2029 537 2104 sed
553 2029 753 2104 honorifice
779 2055 855 2104 non
881 2031 1055 2105 tractarit.
1085 2036 1241 2104 Uxorem
1260 2029 1448 2128 cujusdam

383 2146 490 2246 probi
520 2146 698 2237 hominis,
723 2145 834 2220 liliam
861 2146 994 2245 Pagani
1021 2143 1068 2218 de
1089 2147 1218 2218 Caceio
1240 2145 1297 2242 (l)
1323 2145 1448 2218 famosi

383 2263 525 2360 equitis,
546 2263 584 2338 in
604 2264 693 2336 turri
710 2261 985 2337 custodiendam
1001 2262 1139 2360 posuit,
1159 2285 1238 2360 que
1258 2259 1448 2333 lenonibus

383 2375 518 2452 ibidem
540 2378 733 2452 commissa
753 2378 985 2452 vehementer
1001 2363 1187 2475 ingemuit.
1213 2377 1380 2449 amiotus
1394 2375 1446 2472 (2)

383 2505 516 2585 autem,
539 2493 596 2566 vir
616 2493 705 2589 ejus,
724 2493 832 2566 nimis
854 2493 965 2566 iratus
978 2491 1137 2582 erubuit,
1155 2490 1365 2589 multosque
1386 2487 1448 2561 sibi

383 2608 506 2684 similis
527 2608 681 2708 querela
703 2608 798 2682 clam
820 2607 892 2682 fide
913 2608 1074 2682 sociarit.
1098 2610 1230 2705 Regem
1251 2629 1357 2692 raro,
1377 2605 1447 2702 jua-

383 2729 466 2802 titiae
487 2741 699 2821 amatorem,
719 2725 966 2826 imprudentes
987 2727 1185 2798 timuerunt
1209 2721 1445 2822 interpellare,

383 2869 430 2918 ne
448 2843 643 2918 clamorem
664 2867 793 2916 eorum
814 2842 861 2915 de
878 2855 1012 2940 nepote
1030 2863 1096 2914 suo
1117 2838 1377 2938 dedignaretur
1391 2859 1447 2908 au·

383 2957 473 3033 dire.
502 2958 606 3032 Unde
635 2957 823 3031 Amulium
850 2956 897 3030 de
923 2959 1046 3029 llonte
1074 2954 1276 3046 Gomerici‚
1306 2952 1447 3026 iren-em

383 3075 554 3150 Radberti
582 3072 835 3164 Belesmensis,
862 3070 1041 3162 adierunt,
1066 3083 1104 3142 et
1125 3093 1191 3168 per
1213 3092 1299 3141 eum
1324 3065 1447 3140 Fulco-

383 3213 490 3282 nem,
517 3190 716 3288 Andegavis
741 3189 932 3278 comitem,
961 3185 1201 3283 requisierunt
1223 3197 1263 3256 ut
1289 3180 1448 3255 Alencio·

383 3327 481 3394 nem,
501 3327 610 3400 quam
629 3304 771 3377 tradere
789 3303 903 3403 parati
921 3315 1036 3392 erant,
1053 3300 1267 3397 reciperent,
1294 3295 1445 3370 comitis·

384 3443 456 3516 que
479 3416 689 3492 custodibus
714 3418 759 3492 de
784 3419 872 3491 turri
896 3416 1068 3515 expulsis,
1095 3414 1297 3488 libertatem
1325 3409 1446 3484 incolis

385 3534 629 3632 impetrarent.
665 3539 794 3608 Comes
820 3548 940 3607 autem
967 3532 1044 3604 haec
1070 3531 1267 3629 gaudenter
1294 3528 1443 3627 accepit,

387 3647 587 3747 militesque
608 3673 693 3722 suos
712 3664 748 3722 et
769 3649 979 3748 sagittarios,
1003 3645 1214 3747 peditesque
1234 3643 1444 3743 aggregavit,

422 3993 462 4067 (l)
479 3995 565 4051 Palen
581 3993 617 4050 de
639 3994 759 4062 Chaast,
775 4010 925 4049 commune
940 3988 976 4048 de
990 3989 1246 4047 l’arrondieaement
1260 3987 1298 4044 de
1316 3988 1444 4050 Mamers,

390 4101 437 4138 sur
451 4082 477 4137 la
488 4082 548 4139 rive
561 4081 669 4157 gauche
680 4080 715 4136 de
728 4079 753 4136 la
765 4079 860 4150 Sarte,
872 4079 995 4136 viel-rie
1007 4078 1169 4135 Hauterire.

423 4170 460 4243 (ἲ)
478 4171 584 4227 Amiot.
597 4170 637 4227 Ce
650 4186 715 4226 nom
725 4179 768 4226 est
779 4187 881 4228 encore
893 4169 948 4226 tort
960 4185 1093 4224 commun
1105 4165 1175 4222 dana
1184 4173 1265 4221 toute
1276 4173 1350 4221 cette
1362 4157 1445 4236 partie

388 4259 423 4314 de
435 4259 460 4314 la
473 4257 655 4315 Normaudie.
