3178 5052
312 430 375 492 ru
570 427 756 491 msroan
777 379 1084 489 nocuasnsrrcs.
1165 428 1373 508 [nocuos]

315 565 389 662 ipse
406 559 530 661 praesul
542 573 690 659 pararet
709 558 833 630 urbem
852 536 1109 630 Antiochenam
1126 557 1280 654 prodere
1303 564 1372 631 Au·

315 692 438 775 gust03
457 700 611 771 cumque
628 673 723 746 idem
744 675 975 772 comperisset
995 674 1040 746 de
1062 699 1107 745 so
1122 673 1190 745 tale
1210 694 1374 768 mupmur

256 813 259 820 ’
315 817 403 881 esse,
423 793 532 863 iratus
554 803 606 861 est
623 787 740 878 valde,
758 804 805 876 et,
832 790 953 861 nescio
972 812 1017 861 an
1034 789 1186 887 puritate
1204 787 1374 886 simplicis

314 907 545 980 conscienciae
562 904 778 1002 indignatus,
803 928 849 976 an
868 881 993 976 nefarii
1010 919 1128 977 reatus
1148 904 1375 977 accusatione

315 1037 349 1094 et
361 1036 458 1094 metu
471 1019 682 1106 stimulatus,
695 1019 818 1091 relicto
833 1021 1053 1119 episcopatu,
1072 1020 1109 1091 in
1120 1013 1310 1091 heremum
1320 1043 1375 1090 se·

314 1138 429 1228 cessit,
445 1161 512 1208 nec
530 1136 622 1208 ultra
640 1134 756 1207 redire
773 1135 821 1208 ad
835 1161 912 1225 eos,
931 1159 1087 1232 quorum
1103 1160 1222 1208 mores
1239 1135 1373 1207 obhor-

314 1251 431 1341 rebat,
448 1249 626 1338 diffinivit.
645 1251 841 1321 Normanni
859 1266 979 1323 autem
995 1249 1242 1322 dominatores
1259 1249 1370 1338 urbis,

314 1365 519 1438 discedente
542 1363 700 1462 Pelasgo,
727 1366 837 1462 gavisi
865 1381 971 1455 suot,
1001 1379 1036 1436 et
1052 1363 1283 1454 Buamund0‚
1311 1366 1374 1461 qui

313 1484 452 1555 vinctus
466 1496 555 1570 erat,
573 1482 681 1553 totius
702 1482 828 1553 seriem
847 1483 899 1553 rei
915 1480 1206 1570 notificaverunt,
1233 1495 1267 1552 et
1290 1505 1375 1552 con·

312 1597 428 1696 silium
445 1597 521 1694 ejus
540 1596 585 1668 de
603 1595 851 1668 substituendo
869 1595 1070 1694 patriarcha
1092 1596 1283 1693 petierunt.
1311 1594 1375 1666 ttte

314 1735 398 1784 vero
415 1710 636 1784 Bernardum
657 1711 712 1808 (t)
733 1710 1005 1802 Provincialem,
1025 1711 1088 1809 qui
1106 1711 1280 1794 Haimari,
1304 1716 1374 1782 Po-

311 1825 1375 1927 diensisepiscopi,capellanusfirerat,etquemsihimoriens

312 1941 1374 2041 idempraesulspecialemspecialiamicumamicocommen·

312 2056 470 2146 duverut,
487 2054 534 2126 de
553 2055 763 2155 pontificatu
781 2056 990 2148 Moscheniae
1008 2056 1139 2128 assumi
1160 2055 1205 2127 ad
1226 2058 1376 2128 Patriar-

312 2170 457 2243 chatum
478 2169 672 2242 Antiochiae
690 2170 853 2266 imperat.
874 2172 983 2242 Ducis
997 2172 1104 2268 igitur
1117 2171 1230 2265 jussu,
1251 2171 1375 2243 Clerus

312 2300 347 2356 et
364 2283 519 2384 populus
536 2284 758 2356 Bemardum
775 2283 975 2382 elegerunt,
991 2301 1027 2357 et
1043 2284 1252 2384 pontificem
1264 2286 1302 2356 in
1317 2311 1376 2358 ca·

313 2400 558 2475 thedrasancti
569 2401 662 2471 Petri
671 2399 822 2499 apostoli
832 2402 1105 2474 constituerunt.
1119 2407 1204 2474 Erat
1214 2401 1309 2473 enim
1317 2425 1377 2499 pc·

312 2518 390 2589 ritia
407 2516 588 2588 literarum
602 2515 777 2605 imbutus3
799 2517 877 2613 qui,
902 2531 1093 2616 postquam
1112 2542 1133 2589 a
1151 2515 1377 2614 subjectisest

312 2634 489 2730 cognitus,
504 2632 616 2710 factus
627 2647 680 2703 est
691 2631 845 2718 odibilis,
866 2633 957 2729 quia·
966 2655 1108 2721 avarus,
1122 2647 1158 2704 et
1169 2657 1211 2705 ex
1224 2629 1376 2704 naturali

311 2748 446 2821 feritate
462 2749 576 2846 gentis
592 2747 809 2838 Gothorum,
829 2748 926 2820 unde
942 2763 1162 2847 processerat
1180 2749 1249 2845 (2),
1268 2749 1376 2820 nimis

311 2879 483 2937 austerus.
507 2866 573 2936 Hic
595 2863 715 2935 multis
738 2862 864 2936 dicbus
890 2863 1053 2936 Ecclesiae
1075 2865 1141 2936 Dei
1166 2863 1322 2961 praefirit,
1340 2878 1377 2936 et

311 2999 424 3072 usque
442 2974 488 3047 ad
509 2974 727 3073 decrepitam
751 2989 890 3046 aetatem
920 2975 1101 3071 regiminis
1124 2974 1246 3046 locum
1266 2997 1375 3046 occu-

311 3091 424 3186 pavit;
438 3090 538 3184 cujus
560 3106 735 3188 tempore,
755 3105 796 3162 ut
809 3090 946 3164 dictum
960 3106 1019 3162 cst
1035 3105 1070 3162 et
1083 3091 1239 3188 apertius
1255 3089 1376 3164 adhuc
1411 3171 1414 3178 A

311 3202 461 3293 dicetur,
492 3203 685 3277 multarum
716 3205 875 3305 procella
904 3204 1176 3278 tribulationum
1203 3206 1372 3308 intonuit.

360 3323 427 3390 Per
445 3333 561 3390 totum
580 3317 758 3392 mundum
776 3318 936 3392 auditum
956 3320 1125 3418 estquod
1145 3321 1377 3422 Buamundus

346 3529 386 3597 (t)
402 3525 540 3594 Bernard,
555 3525 700 3596 chapelaiu
714 3527 748 3581 de
765 3528 887 3602 l’evdque
905 3529 944 3583 du
956 3530 1023 3597 Put,
1039 3530 1136 3585 n’e'tait
1149 3549 1197 3604 pas
1210 3528 1376 3602 Provenpal‚

312 3614 382 3668 mais
393 3613 543 3686 originaire
556 3613 591 3667 de
608 3611 726 3668 Valeuce
737 3632 773 3669 eu
787 3616 942 3690 Dauphind.
959 3617 1034 3674 C‘est
1045 3617 1118 3674 deur
1132 3637 1182 3684 ans
1196 3621 1277 3691 apres
1288 3618 1314 3673 la
1329 3637 1375 3674 rc·

313 3701 395 3756 truite
408 3699 443 3754 dc
460 3702 528 3756 Jean
542 3701 595 3768 tv,
612 3699 680 3774 qu’il
697 3701 741 3756 sut
753 3703 861 3776 appete,
878 3704 917 3759 du
933 3706 1007 3779 sie'gc
1021 3705 1159 3778 episcopal
1172 3705 1374 3770 d’Artbusinm

312 3807 384 3865 pour
396 3789 421 3845 le
433 3789 587 3864 remplucer
597 3807 706 3846 comme
719 3791 882 3850 Patriarchc
896 3793 975 3850 Latin
990 3792 1172 3863 d’Autioche,
1185 3794 1295 3868 dignita
1306 3793 1376 3870 qu’il

312 3899 415 3952 occupa
426 3877 536 3952 jusqu'a
548 3897 577 3934 aa
590 3890 679 3946 mort,
693 3899 727 3934 en
742 3883 820 3937 4435.

347 3971 384 4041 (i)
396 3968 484 4024 thre
491 3977 592 4023 auteur
600 3967 663 4022 u’eu
673 3968 724 4024 fait
733 3969 769 4024 ici
777 3988 816 4024 uu
823 3969 913 4034 Goth,
923 3989 979 4044 quc
988 3989 1070 4044 parce
1077 3971 1146 4046 qu’il
1155 3989 1223 4026 aura
1231 3969 1375 4026 confunda

312 4059 433 4114 Valenoc
444 4075 481 4134 en
496 4055 644 4130 Dauphine
658 4075 722 4112 avec
734 4057 857 4113 Valeucc
870 4075 906 4113 en
920 4059 1061 4133 Fapague3
1077 4059 1098 4114 it
1109 4058 1203 4115 oublie
1215 4057 1285 4133 qu’il
1297 4059 1375 4112 vient
1409 4043 1413 4050 ¹

311 4147 346 4203 de
361 4164 430 4202 nous
441 4145 467 4202 la
479 4144 609 4218 designer
622 4163 731 4202 comme
742 4147 904 4218 Proveucal.
