2888 4934
198 410 255 472 rot
470 410 655 471 rusroan
678 409 985 479 sccunsusncr.
1147 411 1252 490 [1103]

193 543 285 614 libus
309 541 429 641 plures
457 541 645 632 sauciavit;
674 542 756 633 sed,
786 524 1015 615 multitude
1039 564 1251 641 oppressus,

193 657 287 758 prob
303 654 426 730 dolor!
447 656 579 728 interiit
593 656 659 754 (l).

240 771 396 861 Quidam
415 770 574 869 locuples
598 771 762 845 lincoliae
785 771 872 845 civis
896 769 1105 843 thesaurum
1133 772 1253 870 lllagni

192 890 283 985 regis
297 887 473 979 servabat,
489 887 593 984 eique
609 902 820 961 ornamenta
833 902 870 960 et
885 911 981 978 vasa,
997 885 1054 959 vel
1068 911 1181 978 arma,
1198 887 1252 961 val

193 1003 367 1094 utensilia,
380 1003 435 1076 vel
445 1003 513 1075 alia
524 1003 700 1101 regalibus
712 1003 911 1075 ministeriis
921 1004 1118 1077 necessaria
1127 1028 1255 1104 suppa

191 1118 340 1191 ditabat.
349 1118 419 1206 Qui
427 1132 581 1189 mortem
591 1117 927 1216 regisoomperiens,
936 1117 1254 1192 addomumsuam

191 1234 379 1322 festinavit,
396 1247 444 1323 et,
461 1231 507 1304 de
519 1233 626 1330 regali
636 1233 803 1306 thesauro
817 1233 1037 1328 negociatus,
1048 1232 1181 1305 divitiis
1192 1231 1255 1305 ud-

191 1348 341 1419 modum
356 1347 574 1420 exuberavit.
592 1347 789 1445 Anglorum
805 1361 926 1419 autem
942 1366 1023 1438 rex,
1043 1361 1083 1419 ut
1098 1346 1254 1446 saepefati

190 1464 281 1560 regis
305 1488 474 1558 occasum
492 1463 646 1553 audivit,
671 1463 772 1560 quasi
790 1486 900 1535 onere
918 1464 1054 1560 ingenti
1070 1463 1255 1535 alleviatus

190 1580 376 1670 exultavit,
395 1595 448 1666 et,
466 1594 549 1679 post
565 1579 712 1678 aliquod
729 1594 889 1677 tempus,
909 1577 1160 1654 aLinooliensi
1177 1577 1254 1653 cive

189 1693 350 1793 praedicti
373 1696 545 1795 principis
565 1697 729 1767 aerarium
755 1693 955 1791 exquisivit.
982 1694 1148 1792 Denique
1167 1692 1255 1765 civis

189 1814 374 1885 veritatem
385 1812 568 1884 commissi
582 1813 700 1911 primo
714 1810 858 1899 celavit,
876 1806 975 1881 unde
989 1808 1094 1882 illum
1106 1822 1253 1908 repente

189 1929 395 1999 convictum
409 1952 471 2000 rex
483 1925 769 2024 comprehendit,
790 1939 825 1997 et
841 1923 1046 2021 plusquam
1061 1949 1110 1999 xx
1125 1923 1252 2016 millis,

189 2056 228 2114 ut
245 2042 369 2134 fertur,
389 2041 497 2114 libras
512 2043 649 2138 argenti
663 2040 820 2113 abstulit.

237 2161 387 2245 Irenses,
399 2157 571 2255 sanguine
581 2157 699 2254 Magni
708 2157 812 2253 regis,
825 2155 1078 2252 sociorumque
1089 2154 1169 2250 ejus
1177 2177 1255 2252 gus-

189 2284 264 2343 tato
272 2322 289 2362 s
305 2272 578 2349 tmculentiores
603 2272 721 2344 eflecti
740 2285 844 2360 sunt,
868 2284 905 2341 et
924 2294 968 2341 ex
989 2269 1188 2367 improviso
1208 2267 1253 2341 ad

187 2386 446 2459 interimendos
459 2391 686 2460 Normannos
698 2385 863 2457 conversi
874 2399 970 2457 sunt.
987 2387 1060 2456 Rex
1076 2380 1253 2482 siquidem

188 2526 315 2575 eorum
333 2500 442 2575 filiam
460 2527 562 2576 suam
583 2500 729 2574 Amulio
755 2499 920 2590 abstulit,
945 2501 1134 2598 ipsamque
1150 2513 1254 2599 petta-

187 2617 321 2689 lantem
358 2615 502 2690 cuidam
536 2616 754 2688 consobrino
791 2640 857 2687 suo
894 2614 1015 2687 illicite
1052 2613 1250 2710 conjunxit.

188 2733 375 2805 Amulium
393 2757 479 2806 vero
495 2734 613 2831 ipsum
631 2730 830 2805 interlicere
851 2757 917 2829 pro
936 2731 1115 2803 affinitatis
1135 2753 1256 2802 remu-

188 2851 373 2922 neratione
382 2849 552 2922 decrevit.
569 2849 640 2921 Sed
653 2849 725 2939 ille,
739 2848 1024 2945 barbaraegentis
1038 2847 1256 2921 execrandas

188 2965 329 3038 fraudes
341 2967 583 3064 comperiens,
603 2965 650 3037 ad
662 2989 746 3036 suos
760 2961 914 3062 aufugit,
934 2963 1059 3036 atsere
1082 2990 1132 3034 xx
1152 2962 1255 3037 annis

189 3081 266 3153 siue
282 3097 377 3154 carta
395 3082 480 3154 sede
497 3082 729 3180 postmodum
743 3081 841 3152 vixit.
860 3079 1020 3152 Tandem
1032 3079 1108 3174 jam
1125 3102 1253 3168 senex,

190 3196 307 3294 specie
320 3210 425 3267 tenus
438 3198 512 3294 regi
524 3196 786 3285 reconciliatus,
802 3220 952 3268 uxorem
966 3193 1080 3282 duxit,
1094 3208 1145 3283 et,
1160 3217 1254 3292 nup·

189 3310 247 3382 tiis
257 3308 369 3399 sactis,
386 3312 422 3380 iu
441 3314 635 3382 crastinum
649 3324 732 3408 post
744 3313 1002 3383 comestionem
1017 3307 1252 3400 obdormivit,

191 3438 461 3523 extremumque
477 3425 574 3497 diem
590 3428 748 3515 sortitus,
766 3426 1022 3526 paranymphis
1036 3451 1103 3523 pro
1122 3426 1255 3499 lescen-

190 3539 285 3611 ninis
299 3539 466 3638 lugubres
482 3541 629 3614 threnos
645 3543 846 3640 dereliquit.

238 3656 407 3729 Hostibus
420 3657 580 3756 undique
593 3657 752 3730 variabili
771 3658 912 3729 sortuua
925 3655 1095 3728 illudente
1109 3680 1257 3755 pessun-

191 3771 300 3863 datis,
326 3774 498 3845 Henricus
520 3799 581 3846 rex
599 3773 766 3865 invaluit,
791 3788 826 3846 et
849 3772 1001 3844 maxime
1024 3773 1144 3867 Magni
1164 3771 1260 3870 regis

227 4139 265 4207 (a)
285 4135 538 4194 serranorum.
