2888 4934
444 541 1005 664 monnur'tnoomus.

311 948 393 1005 Alme
407 948 482 1004 Deus
493 947 629 1017 Sabaoth,
644 947 705 1004 Rex
717 948 810 1017 lortis,
824 958 924 1005 cuncta
938 949 1112 1022 gubemansf

276 1037 383 1092 Plasma
395 1047 475 1092 tunm
489 1048 580 1104 serva,
596 1036 707 1094 Numen
723 1057 773 1111 per
786 1037 877 1092 secula
890 1054 1017 1110 regnans.

276 1126 398 1183 Contere
408 1127 464 1183 m‘m
475 1126 616 1195 Sathena,
630 1128 678 1202 qui
691 1128 766 1183 sevit
773 1127 881 1199 jugiter
894 1127 923 1180 in
936 1137 978 1194 te,

276 1215 349 1269 Dum
363 1214 481 1270 famulos
493 1232 590 1270 vexare
602 1226 664 1271 tuos
676 1215 792 1271 molitur
806 1215 918 1290 ubique.

276 1303 320 1359 Ad
331 1321 392 1359 mea
404 1315 479 1372 vota,
495 1322 605 1377 precor,
620 1304 717 1359 mundi
732 1305 791 1377 pic,
805 1305 926 1377 respice,
939 1302 1036 1360 lactor.

277 1393 318 1448 'l’e
329 1394 404 1462 colo,
419 1405 447 1449 te
458 1412 567 1468 quero,
582 1395 633 1450 tibi
645 1394 710 1466 jure
722 1394 830 1468 placere
843 1395 947 1451 laboro.

275 1480 456 1547 Pontificum,
470 1499 626 1556 regumque
638 1501 720 1538 senex
731 1501 807 1537 nunc
819 1484 947 1555 scriptito
961 1493 1051 1555 gestu

275 1570 432 1644 Sexagenos
443 1571 483 1644 (l)
493 1590 547 1645 ego
557 1573 693 1645 poetices
706 1571 744 1625 do
758 1571 911 1626 manifesta.

322 1659 362 1730 (2)
375 1659 409 1713 ab
422 1661 462 1715 eis
474 1660 599 1732 precium
614 1676 665 1731 pro
676 1658 724 1713 tali
737 1677 821 1732 posco
833 1658 941 1727 labore,

275 1745 329 1802 Sed
342 1745 433 1802 resero
447 1748 547 1820 gratis,
562 1746 680 1803 fratrum
694 1756 842 1803 contentus
855 1765 960 1802 amore.

274 1833 303 1888 Si
316 1833 415 1890 fierent
426 1835 487 1890 istis
499 1834 608 1910 liquido
622 1853 692 1890 nora
703 1836 783 1910 signa
794 1833 908 1901 diebus,

276 1922 389 1978 Niterer
400 1923 447 1979 illa
459 1924 529 1980 meis
540 1925 675 1980 veraciter
686 1923 784 1980 indere
796 1923 890 1979 rebus.

274 2010 365 2066 Credo
378 2011 454 2086 qnod
466 2022 524 2068 arta
538 2014 627 2086 magis
637 2013 819 2086 presentibus
830 2021 914 2086 atquc
925 2010 1027 2065 suturis

273 2099 360 2156 Grata
371 2102 477 2168 forent,
492 2103 563 2157 mihi
575 2102 757 2176 proficerent,
771 2101 889 2176 aliisque
901 2100 1057 2174 placerent(

274 2189 364 2259 Quam
378 2189 413 2245 de
427 2192 545 2246 terrenis
557 2191 734 2259 excursibus,
749 2199 833 2264 atque
844 2190 956 2247 caducis

273 2277 472 2334 stemmatibus
480 2279 583 2336 trustra
598 2281 709 2348 rimari,
724 2279 767 2336 rel
778 2277 845 2336 (lare
856 2279 927 2346 lata;

272 2365 378 2440 inclyta
390 2365 459 2422 dum
474 2369 564 2440 spiro,
579 2368 761 2444 mirandaque
774 2368 895 2424 scrihere
906 2366 1022 2434 vellem,

274 2454 414 2528 Prodigiis
427 2455 546 2529 implens
558 2458 587 2511 in
600 2458 706 2513 Christi
720 2459 834 2514 nomine
845 2456 956 2529 pellem.

272 2542 339 2614 Ejus
351 2561 415 2599 amo
426 2543 536 2611 hodes,
552 2546 598 2600 cui
611 2556 687 2601 totus
700 2546 823 2618 subjacet
834 2544 923 2610 orbis,

273 2632 329 2702 Qui
342 2633 415 2705 potis
427 2642 469 2687 cst
481 2635 589 2689 cunctis
601 2634 698 2689 leviter
712 2652 762 2689 noa
775 2632 886 2690 demere
898 2632 1015 2688 morbis.

273 2719 408 2792 Cogimm
420 2730 478 2774 atra
491 2720 583 2795 loqui,
598 2739 658 2795 qun
673 2722 827 2790 cernimus,
842 2733 890 2778 ant
902 2720 1052 2776 toleramus
1060 2741 1072 2786 ς’

273 2808 422 2865 Instabiles
432 2821 509 2866 actus
520 2811 698 2867 mutabilium
710 2829 906 2868 memoramus.

272 2897 343 2953 Nam
356 2898 514 2954 mundanus
525 2918 603 2954 amor
615 2900 763 2955 hominnm
776 2899 865 2955 trahit
876 2917 976 2970 agmen
990 2896 1024 2952 ad
1036 2898 1090 2952 ima
1098 2929 1111 2962 ,ν

270 2988 387 3043 Justitie
402 3007 453 3042 nec
465 3006 512 3043 eos
525 2988 594 3061 polit
607 3008 621 3043 a
634 2988 765 3062 rubigine
775 2989 852 3044 lima.

271 3072 314 3128 sd
327 3073 398 3128 mala
413 3074 542 3146 proclivi,
555 3093 616 3149 que
627 3085 716 3130 terrea
728 3085 794 3129 sont
806 3074 995 3140 meditantem

269 3161 371 3217 Coelica
385 3173 582 3229 contemnunt,
596 3165 716 3217 cacurri
730 3181 785 3217 non
799 3159 986 3235 speculantur.

270 3250 312 3304 En
326 3261 482 3322 peccatores
495 3250 607 3306 lethalia
621 3250 744 3324 pondera
758 3251 879 3321 gestant!

270 3338 374 3394 Lucida
385 3338 551 3396 Sanctorum
563 3339 639 3410 juste
651 3339 786 3412 magnalia
801 3349 917 3393 cessant.

270 3429 509 3498 prevaricatores,
524 3430 572 3502 qui
585 3431 674 3503 legem
687 3426 942 3502 transgrediuntur,

217 3679 255 3748 (l)
269 3677 293 3733 ll
306 3679 363 3733 snit
373 3677 408 3732 de
421 3696 452 3733 ce
467 3695 578 3752 passage
590 3696 646 3752 que
657 3687 738 3733 none
748 3688 848 3733 auteur
859 3676 988 3750 etaittge'
1000 3675 1035 3730 de
1045 3675 1169 3730 soixante
1181 3694 1246 3742 ansr

187 3765 274 3840 quand
289 3767 309 3821 il
324 3785 484 3840 commenca
496 3770 511 3820 'a
525 3768 614 3821 ecrite
627 3785 676 3821 son
689 3768 812 3821 oncieme
824 3765 901 3821 livre.

216 3854 253 3927 (2)
271 3855 310 3912 cs
322 3872 383 3909 vers
395 3874 409 3907 a
422 3856 466 3909 ete
481 3855 586 3927 gratte',
604 3855 667 3926 puis
683 3855 779 3921 re'crit,
798 3853 866 3908 ainsi
881 3872 936 3927 que
948 3853 987 3908 les
999 3853 1064 3926 cinq
1078 3852 1198 3906 suivants
1211 3856 1242 3903 et

188 3960 236 3999 one
246 3946 336 4016 partie
347 3944 388 3999 du
399 3945 527 4011 sixilme,
541 3962 572 3999 ce
583 3945 632 4018 qui
645 3942 715 3998 rcnd
725 3943 865 3999 l’ecriture
879 3945 971 3999 moins
983 3953 1072 4009 nette,
1085 3952 1114 3997 et
1123 3959 1159 3994 ne
1170 3957 1240 3994 nous

189 4043 289 4101 prrmct
301 4050 349 4105 pas
365 4033 400 4089 de
418 4033 469 4088 lire
487 4033 512 4087 le
525 4034 646 4105 premier
665 4042 731 4087 mot.
745 4032 821 4087 Dans
834 4032 959 4087 l'edition
975 4030 1011 4084 de
1026 4029 1186 4094 Duclresne,
1202 4043 1241 4080 on

189 4115 233 4172 lit:
247 4120 329 4186 Non,
342 4125 389 4194 qui
405 4139 474 4175 nous
489 4121 576 4193 parsit
590 4139 643 4175 une
656 4119 733 4193 lecon
749 4119 947 4192 incompatiblc
959 4136 1025 4173 aveo
1036 4117 1062 4172 le
1077 4113 1237 4171 manuscrit.
