2888 4934
188 464 390 539 [tlon-1102]
550 458 667 519 LIBER
688 458 874 520 nnctnns.
1186 459 1240 519 434

187 607 322 664 terrore
338 589 532 662 Gentilium
554 589 800 687 cognominari
824 588 1053 662 ecclesiastica
1075 589 1246 663 electione

188 705 392 804 compulsus
408 719 473 776 est.
492 708 574 792 Quo
591 705 775 795 destructo,
794 719 834 777 nt
848 704 985 776 dictum
1005 720 1074 796 est,
1098 727 1184 777 mox
1200 704 1246 776 de

188 821 436 895 substituendo
453 845 536 918 rege
556 821 745 894 consilium
762 821 890 893 initum
907 835 970 894 est.
997 821 1142 893 Nunciis
1160 845 1245 917 ergo

189 938 375 1011 confestim
404 937 518 1008 missis
542 938 579 1030 in
604 941 727 1033 Bages,
756 939 857 1032 Regis
883 960 1030 1009 occasus
1056 935 1244 1024 Balduino‚

188 1055 285 1127 fratri
305 1053 399 1148 ejus,
418 1053 602 1126 intimatus
622 1069 691 1142 est,
719 1068 755 1125 et
778 1055 852 1150 ipse
877 1051 923 1123 ed
945 1076 1094 1148 regnum
1110 1055 1248 1124 leroso-

188 1169 369 1266 lymorum
378 1166 575 1265 regendum
587 1170 665 1240 vice
674 1169 790 1240 fratris
800 1170 932 1240 accitus
943 1184 1009 1240 est.
1022 1169 1092 1255 Qui
1102 1167 1250 1265 provin·
1320 1231 1322 1236 .

190 1282 511 1356 eiaesuaeducatum
522 1282 1157 1379 BalduinodeBurg(l)‚consobrino
1168 1308 1248 1371 suo,

190 1399 353 1496 protinus
376 1397 575 1487 commisit,
595 1399 721 1496 etipse
739 1398 885 1471 hostiles
901 1413 1013 1471 terras
1034 1414 1070 1470 et
1084 1398 1252 1472 barbaras

190 1515 353 1616 nationes
371 1512 467 1585 velut
486 1512 603 1610 lulgur
626 1515 835 1612 penetravit.
864 1517 1029 1613 Sareptae‚
1056 1539 1134 1610 quae
1152 1513 1254 1585 Sido·

139 1708 142 1715 ,
191 1632 333 1701 uiorum
354 1628 439 1700 urbs
459 1645 530 1717 est,
558 1631 630 1702 sere
651 1657 697 1700 rr
717 1630 826 1702 millia
845 1635 1067 1726 Paganorum
1085 1629 1251 1719 olleudit3

191 1746 287 1829 inter,
313 1768 405 1840 quos
434 1769 517 1816 cum
554 1747 675 1843 paucis
708 1746 853 1817 viriliter
892 1745 1015 1832 irruit,
1050 1743 1257 1816 mirabiliter

192 1860 333 1945 terruit,
354 1872 389 1929 et
409 1860 539 1930 virtute
560 1859 626 1929 Dei
649 1883 775 1931 omnes
797 1860 946 1956 fugavit,
971 1859 1137 1955 viamque
1157 1856 1256 1930 laetus

191 1973 226 2043 in
240 1971 401 2044 Judaeam
418 1973 544 2045 tenuit.
567 1974 670 2044 Turci
688 1975 821 2071 quippe
836 1972 1031 2045 adventum
1053 1972 1146 2044 illius
1168 1996 1257 2071 prae-

191 2087 356 2178 scierant‚
368 2086 521 2184 ideoque
534 2089 570 2158 iu
582 2088 718 2159 insidiis
734 2089 874 2176 armati,
886 2088 1043 2160 laetitiam
1059 2102 1254 2186 sperantes,

191 2203 437 2302 expectabant.
452 2203 536 2294 Sed,
552 2204 677 2276 frivola
694 2229 756 2303 spe
773 2204 900 2294 delusi,
913 2207 977 2302 qui
993 2203 1144 2277 evadere
1155 2219 1256 2303 pote·

191 2336 282 2412 rant,
296 2321 345 2393 ad
355 2346 418 2394 sua
430 2321 559 2419 trepidi
572 2347 655 2393 cum
664 2321 799 2394 damno
810 2336 845 2394 et
857 2321 1034 2394 dedecore
1044 2334 1251 2419 properant.

233 2440 431 2536 Susceptus
465 2451 584 2509 autem
618 2437 784 2535 praelatus
813 2437 920 2509 heros
953 2461 975 2510 a
1001 2435 1255 2533 lerosolymitis

189 2550 471 2647 gubernaculum
494 2551 640 2625 Davidis
660 2552 740 2625 solii
758 2555 913 2650 accepit,
941 2569 977 2625 et
995 2552 1065 2625 lere
1082 2577 1133 2623 ιιι
1154 2550 1257 2622 annis

190 2665 330 2740 sortiter
346 2668 460 2739 tenuit
471 2667 541 2763 (2).
556 2672 638 2739 Erat
653 2671 750 2741 enim
767 2693 920 2768 corpore
938 2669 1103 2757 decorus,
1123 2681 1257 2739 statura

189 2805 374 2877 procerus,
391 2783 538 2854 audacia
551 2799 586 2855 et
600 2785 808 2858 fortitudine
824 2785 1035 2884 praecipuus‚
1052 2785 1100 2856 ad
1116 2782 1256 2855 labores

190 2896 397 2970 tolerandos
415 2901 675 2995 magnanimus,
692 2900 893 2972 eruditione
909 2902 1107 2973 litterarum
1129 2902 1257 2977 instru-

190 3026 279 3101 ctus,
309 3010 439 3118 linguae
465 3010 631 3085 lacundia
656 3014 837 3112 praeditus,
870 3030 907 3086 et
935 3013 1056 3086 multis
1089 3013 1257 3089 decenter

191 3142 339 3201 ornatus
360 3128 617 3201 honestatibus.
647 3135 727 3228 lpso
752 3145 935 3227 regnante,
958 3130 1158 3229 Stephanus
1180 3130 1256 3202 Ble-

191 3245 300 3341 sensis
323 3257 359 3315 et
378 3243 573 3342 supradicti
608 3246 798 3342 optimates
824 3270 890 3343 per
918 3246 1030 3317 multa
1051 3245 1256 3319 discrimina

192 3358 381 3466 ierusalem
414 3375 611 3452 venerunt,
647 3377 683 3433 et
715 3385 736 3432 a
767 3362 913 3464 praefato
948 3387 1030 3459 rege
1061 3386 1104 3435 ae
1139 3361 1254 3434 Ebre-

223 3659 263 3728 44)
276 3658 424 3714 Bandouin
437 3659 476 3714 du
487 3659 599 3732 Bourg,
613 3660 715 3714 second
731 3659 773 3712 fils
786 3659 821 3714 de
836 3661 952 3732 Hugue,
967 3671 1058 3714 comte
1070 3659 1104 3715 de
1116 3659 1206 3715 Retel.

223 3751 264 3819 (2)
281 3749 444 3815 brudeum,
463 3738 650 3806 courouue'le
663 3750 729 3821 jour
748 3748 783 3805 de
801 3749 871 3805 Noel
891 3754 974 3818 4400,
990 3760 1104 3803 mourut
1121 3748 1146 3805 le
1157 3752 1176 3807 ’4
1189 3750 1256 3805 avril

193 3841 271 3904 4448,
285 3848 314 3893 et
327 3857 377 3911 par
388 3841 561 3913 consequent
572 3857 628 3894 uon
640 3838 708 3896 dens
722 3837 747 3893 la
759 3838 913 3906 dumiense,
928 3839 997 3893 mais
1009 3837 1078 3892 dans
1089 3837 1114 3893 la
1127 3837 1256 3893 dix-hui-

194 3926 278 3980 tieme
289 3927 378 3980 annee
389 3924 426 3980 de
439 3943 489 3980 son
502 3928 597 3998 regne.
613 3924 662 3981 On
679 3937 746 3997 pent
758 3926 842 3999 juger
857 3945 906 3999 par
923 3925 950 3979 44
963 3925 999 3980 de
1014 3925 1192 3981 l’emctitude
1208 3925 1257 3979 des

195 4015 433 4087 reuseignements
445 4032 500 4089 que
511 4026 592 4070 notre
599 4026 698 4070 auteur
711 4014 864 4069 recueillait
873 4033 921 4069 sur
933 4013 1170 4069 laTerre-Sainte.
1178 4014 1256 4068 Nous

195 4121 316 4175 pensons
326 4101 396 4178 qnfil
408 4114 474 4158 veut
486 4104 579 4177 parler
587 4103 655 4160 daus
667 4104 693 4160 le
707 4104 880 4178 paragrapho
893 4103 1045 4177 precedent
1059 4103 1094 4157 de
1107 4102 1134 4157 la
1145 4104 1259 4162 victoire

195 4193 354 4264 remponee
366 4209 416 4263 par
430 4190 580 4247 Bandouin
597 4210 645 4248 rur
657 4192 697 4247 les
709 4180 863 4265 Egyptians
873 4202 953 4247 entre
965 4190 1082 4246 Ascalon
1096 4200 1129 4245 et*
1137 4189 1244 4247 Rauola.
