2888 4934
187 415 277 492 [sev.
296 415 388 493 1¹19]
519 413 636 473 sinna
657 410 924 474 ouonnunos.
1010 365 1012 368 Α
1185 412 1245 474 ⁴0⁷

190 543 425 617 anathematis
449 545 659 618 sententiam
682 546 842 619 vibravit.
867 548 1029 641 Cumque
1052 543 1247 643 presbyteri

186 672 264 737 nm
289 682 395 756 greve
417 659 560 758 pondus
581 662 732 734 nimium
754 659 1002 749 abhorrerent,
1030 673 1066 732 et
1091 660 1182 732 inter
1208 685 1246 734 se

190 796 259 872 pro
276 779 470 871 corporum
491 788 527 845 et
546 775 744 848 animarum
762 774 967 846 discrimine
988 785 1247 870 conquerentes

192 888 422 977 musitarent,
446 887 733 989 archiepiscopus
753 887 936 962 libertum
955 887 1149 986 quemdam
1172 885 1247 959 elo-

190 1018 362 1102 quentem
372 1004 441 1099 (l),
457 1005 671 1101 quianescio
685 1005 773 1104 quid
783 1005 846 1076 fari
856 1019 1024 1102 coeperat,
1036 1004 1249 1101 jussitcom-

189 1116 386 1216 prehendi,
409 1133 446 1190 et
462 1142 547 1190 mox
564 1121 601 1190 in
624 1119 798 1216 ergastulo
818 1118 968 1192 carceris
987 1117 1137 1190 retrudi.
1160 1122 1249 1188 Prae-

190 1230 288 1307 fitttu
300 1233 404 1305 enim
427 1233 556 1332 praesul
577 1248 654 1308 erat
675 1235 791 1326 Bn‘to,
817 1235 855 1305 in
878 1233 998 1306 multis
1015 1231 1246 1322 indiscretus,

141 1443 144 1447 ι
191 1357 295 1419 tenax
313 1362 350 1420 et
367 1347 571 1438 iracundus,
586 1349 700 1440 vultu,
719 1364 890 1447 gestuque
905 1372 1062 1441 severus,
1082 1349 1119 1421 in
1135 1353 1249 1420 incre-

189 1463 337 1573 potione
352 1477 531 1553 austerus,
548 1487 700 1562 procax,
720 1479 757 1537 et
772 1463 983 1537 verbositate
999 1462 1139 1562 plenus.
1157 1466 1248 1535 Cum

189 1580 310 1651 hum
326 1577 453 1676 reliqui
469 1579 671 1652 sacerdotes
688 1578 831 1652 insolita
847 1602 888 1652 re
907 1578 981 1651 visa
1003 1579 1108 1650 nimis
1123 1577 1249 1650 obstu-

189 1693 366 1791 puissent,
394 1708 430 1766 et
454 1693 702 1792 presbyterum
727 1694 803 1768 sine
828 1706 946 1766 reatus
967 1694 1192 1768 accusatione
1214 1706 1250 1763 et

188 1934 264 1999 hs.
272 1960 310 1978 ι-
319 1931 396 1987 Noua
406 1930 509 1988 derunt
518 1951 679 2008 rematquer
691 1933 778 2006 qaela
790 1951 841 1988 rae
853 1932 902 1988 des
912 1933 1068 1989 Pretresses
1081 1934 1140 2005 (νὶα
1152 1933 1249 1987 Sacer·

190 2018 390 2091 ausimum),
406 2020 584 2076 tres-voisine
600 2020 673 2076 dela
688 2020 847 2077 cathedrale
859 2022 894 2076 de
907 2021 1023 2088 Roueo,
1036 2040 1052 2077 a
1064 2020 1104 2075 dit
1117 2037 1166 2075 son
1182 2037 1248 2074 nom

189 2092 245 2161 fix
257 2104 405 2162 habitudes
416 2105 485 2181 qu‘il
499 2106 633 2180 s'egissait
645 2107 806 2181 d’extirper.

225 2194 302 2251 Poor
312 2194 377 2251 bien
389 2195 573 2270 eomprendre
584 2206 663 2251 tonte
673 2194 812 2251 l’etendue
822 2194 895 2252 dela
906 2195 1062 2253 revolution
1073 2194 1141 2270 qu’il
1152 2192 1248 2268 s’agis-

191 2278 244 2336 adt
254 2276 432 2354 d'sceomplir
442 2281 511 2339 daos
521 2282 561 2338 les
569 2301 674 2339 moeurs
681 2282 721 2339 du
730 2284 822 2357 clergo
830 2283 947 2340 emeher
957 2284 1111 2351 Normand,
1120 2294 1149 2340 et
1159 2294 1249 2340 tontes

190 2368 231 2426 let
243 2370 406 2446 resistam
417 2370 518 2446 qu'elle
529 2370 621 2427 devait
636 2382 813 2439 tencontrer,
830 2372 850 2427 il
863 2372 923 2428 lant
934 2390 964 2428 se
979 2373 1107 2447 rappeler
1120 2373 1197 2429 l'etat
1212 2371 1248 2427 de

189 2473 236 2514 ces
245 2475 362 2526 moeurs,
378 2457 416 2514 tel
426 2457 494 2535 qn'il
506 2469 548 2514 est
559 2458 675 2533 depeint
684 2479 735 2535 per
745 2459 772 2516 le
783 2461 939 2535 biographe
951 2461 988 2517 du
1001 2462 1170 2518 bienheutex
1184 2462 1250 2516 Ber·

190 2544 276 2615 uu,
290 2545 361 2601 abbe
371 2544 408 2602 de
419 2546 509 2603 Τίτου
521 2571 527 2602 :

202 2632 316 2703 &Portu
324 2652 377 2704 pro
385 2634 584 2690 consuetudine
596 2644 663 2692 tunc
674 2639 804 2708 tmpon's
815 2646 877 2691 erat
883 2656 935 2709 per
946 2645 1032 2692 totam
1042 2633 1248 2692 Narmanniarn

189 2721 399 2805 qpmbyteri
411 2723 522 2794 publice
539 2742 642 2781 uxores
656 2722 803 2788 ducerent,
812 2726 895 2799 filios
909 2743 944 2779 ac
951 2724 1036 2798 filias
1053 2731 1246 2796 procrearent,

189 2810 293 2897 apibus
300 2808 469 2867 hereditarie
475 2812 540 2885 jure
546 2820 611 2883 post
618 2811 725 2866 obitam
734 2831 816 2866 saum
824 2813 954 2867 ecclesias
962 2811 1160 2884 relinquerent.
1169 2809 1249 2864 Faus

190 2916 260 2955 suas
273 2901 375 2972 nuptui
388 2897 541 2967 tradentes,
563 2899 735 2966 multotiens,
754 2901 781 2954 si
792 2899 851 2954 alia
869 2898 980 2955 deesset
993 2901 1143 2970 possessio,
1161 2898 1248 2953 eccle-

190 2988 263 3042 siam
272 2982 383 3057 abdant
392 2989 423 3041 in
433 2987 540 3052 dotem‚·
551 2986 619 3042 dum
630 2996 725 3042 cauni
735 3006 838 3043 uxores
849 2991 1018 3060 acciperent,
1033 2997 1184 3059 antequam
1194 2987 1250 3042 sibi

190 3092 240 3132 ess
257 3064 472 3151 coaptasset-ent,
488 3078 517 3130 in
527 3078 681 3148 prasentia
696 3085 846 3148 parentam
860 3076 997 3149 jurabant
1010 3073 1089 3149 quod
1101 3094 1248 3148 nunquam

191 3183 240 3221 eas
252 3163 420 3223 desererent

230 3249 435 3324 Unde'sactum
446 3261 489 3306 est
505 3260 537 3307 at
551 3271 653 3307 uxores
663 3253 906 3326 presbyterorum,
922 3261 1075 3307 nietaentes
1092 3251 1130 3308 ab
1146 3254 1186 3307 eis
1197 3251 1248 3307 de·

189 3336 281 3414 patgi,
295 3358 358 3394 cum
367 3342 425 3394 suis
435 3341 595 3395 auxiliariis
604 3360 666 3396 eam
677 3340 725 3412 (B.
736 3339 926 3410 Bernardarn)
935 3343 1071 3411 perimere
1080 3349 1246 3414 quarerent,

189 3430 363 3501 &quoque
374 3426 532 3483 sacerdotes
543 3427 662 3484 insidias
672 3437 819 3501 pararent,
836 3427 1004 3484 deterrendo
1018 3447 1081 3483 eum
1093 3437 1124 3482 ut
1140 3446 1160 3483 a
1172 3445 1247 3499 proe·

191 3514 329 3572 dt'eatiam
342 3524 512 3570 revocarent.

226 3602 253 3657 A
263 3603 429 3672 Contances,
443 3621 481 3657 un
493 3604 675 3674 archidiacre,
687 3615 769 3675 ayant
781 3604 882 3658 semme
893 3612 921 3658 et
932 3602 1050 3670 colante,
1065 3602 1201 3658 demanda
1213 3620 1248 3655 au
1296 3634 1301 3645 ·
1343 3616 1361 3631 ··

191 3689 264 3745 seint
276 3690 451 3763 predicatenr
462 3710 497 3746 en
511 3688 577 3765 quoi
591 3691 648 3747 cela
661 3692 774 3765 pouvait
783 3690 810 3744 le
822 3690 963 3763 regarder,
975 3691 1016 3746 lui
1028 3692 1122 3746 moine
1133 3700 1162 3746 et
1175 3699 1250 3745 mort
1367 3682 1374 3695 '

190 3794 227 3833 aa
242 3777 355 3834 monde.
373 3780 410 3835 Le
427 3779 631 3842 bienheureux,
647 3779 716 3835 dans
731 3798 760 3835 sa
776 3782 907 3851 repense,
923 3796 953 3835 se
965 3797 1095 3853 compara
1109 3778 1248 3834 modeste-

190 3876 268 3921 ment
285 3869 301 3923 a
317 3866 343 3921 la
360 3867 502 3922 michoire
517 3867 596 3923 d’ine
610 3867 646 3923 de
662 3867 792 3931 Samson,
812 3885 867 3922 aux
883 3867 1149 3941 applaudissements
1167 3863 1202 3918 de
1223 3862 1248 3917 la

190 3954 351 4011 multitude.
365 3957 440 4012 Acta
453 3956 508 4011 Ss.
522 3959 624 4011 atensis
636 3958 748 4027 aprilis,
764 3966 784 4012 t.
798 3957 842 4024 lt,
855 3976 883 4030 p.
895 3958 959 4016 iil.

223 4045 263 4112 (l)
281 4044 320 4098 Ce
333 4053 391 4098 mot
403 4044 473 4099 n'est
486 4061 534 4116 pas
545 4045 603 4116 pris
617 4044 651 4098 ici
665 4044 733 4101 dens
749 4044 774 4099 le
789 4063 851 4100 sens
864 4044 1038 4118 d'c'loqueut,
1057 4045 1124 4097 mais
1140 4059 1248 4096 comme

190 4146 342 4200 synonyme
355 4130 389 4184 dc
404 4155 408 4183 :
423 4131 589 4201 loqttcntem.
