2888 4934
198 390 302 465 [rica]
560 388 676 450 mam
698 390 883 451 necinus.
1191 400 1249 459 ur

195 517 360 590 affinibus
388 517 573 591 thesauros
590 545 673 594 suos
696 537 935 608 ostentarent,
963 538 1013 610 ut,
1040 529 1250 600 enormitate

195 656 361 731 gazarum
371 634 458 724 visa,
471 637 607 707 cunctis
621 639 748 708 terrori
764 638 969 726 existerent3
988 638 1033 709 ad
1050 655 1248 714 extremum

195 773 279 822 vero
290 763 334 821 ut
345 747 495 846 ubique,
510 764 583 822 tarn
593 751 809 851 domiquam
822 753 965 842 militiae,
977 756 1249 851 omnigenisde·

194 862 441 936 luctationibus
458 863 696 940 abundarent.
721 867 910 942 Christiani
931 884 1065 959 autem,
1095 872 1190 946 lame
1216 891 1250 946 et

194 980 266 1066 siti,
292 977 441 1075 aliisque
454 979 591 1075 injuriis
606 982 751 1080 fatigati,
772 998 812 1056 ut
827 982 921 1055 bello
934 987 1116 1081 perurgeri
1129 1010 1244 1086 coepe·

193 1106 289 1180 mut,
300 1093 559 1192 preteritarum
572 1097 801 1169 immemores
810 1122 1010 1195 poenarum,
1026 1101 1152 1172 armati
1165 1126 1248 1199 pro·

192 1220 390 1298 cesserunt,
416 1209 615 1307 animisque
632 1213 823 1310 resumptis
849 1227 885 1283 et
903 1211 1036 1285 viribus
1052 1215 1146 1286 acies
1168 1239 1250 1286 suas

192 1321 463 1414 ordinaverunt,
479 1340 514 1396 et
530 1349 594 1423 per
608 1350 631 1395 v
647 1325 772 1399 diesin
787 1328 933 1400 nomine
946 1330 1092 1400 Domini
1104 1330 1250 1402 viriliter

192 1454 455 1535 pagnaverunt.
475 1438 547 1527 lbi,
575 1456 616 1512 ut
638 1465 780 1514 veraces
796 1444 973 1540 peregrini
996 1445 1126 1535 ferunt,
1143 1447 1249 1543 quin·

192 1567 296 1648 genta
314 1552 425 1626 millia
440 1553 721 1629 Christianorum
739 1556 894 1646 fuerunt,
918 1559 1105 1656 ipsosque,
1132 1561 1169 1631 ni
1187 1560 1249 1632 fal-

192 1667 257 1760 lor,
281 1669 382 1743 mille
403 1669 513 1742 millia
535 1651 757 1802 Pagauornm
781 1673 1013 1744 terribiliter
1004 1675 1245 1770 impetierunt

193 1786 241 1857 Ex
253 1799 408 1882 utraque
421 1787 701 1916 parteacerrime
712 1797 908 1885 pugnatum
922 1801 987 1876 est,
1002 1804 1037 1860 et
1053 1788 1250 1860 multorum

193 1897 345 1971 millium
369 1901 502 1973 occisio
524 1900 614 1973 lacta
641 1916 705 1972 est.
731 1906 894 1999 Cumque
916 1903 1019 1983 Turci
1038 1904 1164 1999 quinto
1191 1902 1249 1974 die

191 2013 386 2112 phalanges
408 2039 490 2089 suas
514 2015 682 2089 deiecisse
704 2016 891 2105 vidissent,
923 2032 959 2088 et
986 2018 1153 2091 invictam
1177 2018 1249 2088 vim

191 2128 475 2205 (bristinomm
497 2131 762 2230 inopinabiliter
790 2133 1008 2221 timuissent,
1034 2158 1077 2205 ex
1093 2131 1248 2232 publico

191 2242 336 2319 decreto
348 2245 518 2318 uxoribus
530 2246 616 2336 suis,
635 2271 714 2343 quae
730 2246 767 2318 in
782 2247 1070 2336 tentorii'aerant,
1087 2261 1122 2320 et
1138 2272 1250 2320 eunu-

188 2359 277 2450 chis,
295 2360 445 2458 aliisque
461 2360 663 2450 clientibus,
677 2362 740 2458 qui
752 2361 956 2460 principum
973 2387 1059 2461 opes
1076 2361 1250 2435 custodie-

190 2473 294 2567 hunt,
313 2475 576 2548 mandaverunt
595 2491 634 2549 ut
655 2491 784 2549 cuncta
802 2501 885 2548 cum
906 2478 999 2573 gazis
1020 2477 1093 2548 suis
1114 2477 1247 2549 utensi·

187 2588 234 2664 bn
245 2607 355 2665 mute
372 2605 603 2691 coaptarent,
624 2607 659 2665 et
676 2593 839 2690 sequenti
854 2608 961 2665 nocte
976 2593 1024 2666 ad
1042 2592 1248 2689 fugiendum

189 2707 314 2781 eheie
332 2706 492 2781 hostium
504 2709 620 2805 parati
635 2722 766 2780 esseut.
788 2710 995 2804 ignorantes
1012 2723 1131 2779 autem
1148 2706 1249 2778 Chri·

188 2823 293 2895 atiani
307 2825 507 2894 ancorum
522 2821 778 2912 deiectionem,
798 2821 891 2920 proh
910 2820 1047 2920 pudori
1070 2822 1137 2917 ipsi
1155 2820 1249 2891 dele-

188 2952 315 3011 neunt
331 2979 353 3027 ,·
367 2953 403 3010 et
427 2938 622 3035 incipiente
642 2953 748 3009 nocte
773 2936 993 3011 Raimundus
1018 2959 1140 3009 comes
1165 2959 1247 3006 cum

188 3052 396 3152 hrcopolis
412 3054 557 3150 Augusti
580 3068 616 3125 et
631 3051 907 3151 provincialibus
928 3052 1000 3121 suis
1017 3065 1116 3148 terga
1132 3064 1248 3122 verte-

189 3183 289 3257 runt,
308 3182 358 3257 et,
378 3167 617 3240 nescientibus
637 3167 712 3238 aliis
730 3166 963 3264 principibus,
984 3166 1104 3237 furtim
1128 3165 1247 3262 lugere

189 3298 388 3385 ooepauut.
419 3285 529 3372 Quod
558 3283 684 3356 videns
709 3283 862 3380 armiger
889 3284 1031 3357 comitis
1058 3280 1245 3369 Tolosani,

186 3396 382 3470 clrristiano
398 3400 457 3496 pie
479 3399 700 3497 compatiens
720 3399 905 3487 exercitui,
926 3400 980 3471 sui
999 3399 1128 3494 dejecit
1145 3398 1245 3496 papi-

188 3509 321 3585 lionem
339 3511 499 3604 domiui,
518 3527 558 3585 nt
575 3511 728 3584 subitam
750 3511 825 3607 ejus
844 3511 961 3608 lugam
983 3511 1247 3584 commilitones

189 3644 446 3727 cognoscerent
457 3630 612 3727 decepti.
624 3628 785 3700 Albertus
798 3629 844 3701 de
857 3628 1061 3716 Blandraio,
1081 3627 1248 3699 strenuis-

188 3743 296 3815 simus
311 3741 432 3833 heros,
447 3743 484 3814 iu
500 3743 596 3815 bello
613 3760 819 3843 peremptus
835 3758 888 3815 est
903 3767 986 3814 cum
1005 3741 1125 3814 multis
1142 3740 1246 3811 milli-

190 3855 266 3948 bus,
286 3880 443 3955 quorum
464 3873 582 3930 certus
606 3881 778 3931 numerus
795 3857 882 3929 mihi
898 3858 1061 3953 cognitus
1085 3870 1242 3928 nonest.

192 3972 403 4044 Pictavensis
430 3970 502 4043 dux
521 3987 557 4044 et
574 3971 745 4044 Blesensis
763 3970 981 4071 Stephanus,
1008 3970 1136 4067 aliique
1162 3993 1244 4068 pro·

193 4108 284 4159 ceres
310 4111 393 4158 curn
414 4087 486 4159 suis
508 4087 720 4184 agminibus,
745 4102 935 4184 postquam
955 4083 1174 4186 perfidorum
1198 4083 1246 4153 lu·
