3140 5076
384 492 445 554 aar
656 491 842 556 nrsronu
863 491 1171 556 accnnsusrrca.
1338 499 1440 576 [uu]

383 624 553 713 lecerunt,
569 623 765 721 turrimque
781 623 971 698 reddentes
987 647 1071 696 cum
1084 620 1254 696 omnibus
1270 625 1344 696 suis
1358 625 1440 700 salvi

382 739 555 812 exierunt.
585 741 667 810 Haec
695 739 889 814 infortunia
919 740 1051 814 multos
1085 739 1133 813 ad
1161 739 1440 840 depraedationes

382 855 635 944 excitaverunt,
649 854 823 953 multique
834 857 1099 930 observantiam
1111 855 1288 928 adventus
1299 858 1439 930 Domini

380 968 616 1042 violaverunt.
634 971 692 1042 Sic
709 970 843 1070 ubique
858 972 952 1046 mala
968 986 1170 1062 creverunt,
1190 986 1227 1044 et
1244 974 1437 1046 Neustriam

379 1083 535 1158 cedibus
552 1099 587 1158 et
606 1085 746 1184 praedis,
764 1087 1009 1186 incendiisque
1025 1086 1185 1185 undique
1203 1086 1435 1180 loedaverunt,

379 1214 427 1291 et,
442 1201 545 1273 sicuti
560 1199 623 1272 lilii
636 1226 736 1300 nepte
748 1201 779 1294 (l
789 1201 815 1300 ),
832 1217 916 1276 ante
930 1217 1100 1276 statutum
1117 1202 1288 1276 nascendi
1301 1217 1437 1303 tempus

378 1329 529 1388 matrem
553 1339 655 1388 suam
683 1316 907 1416 erumpendo
932 1318 1131 1417 perimunt,
1161 1317 1212 1390 sic
1242 1321 1437 1393 Normanni

378 1444 461 1502 ante
485 1429 681 1528 legitimum
708 1431 927 1532 principatus
955 1432 1136 1506 Guillelmi
1163 1433 1360 1506 terminum
1386 1435 1434 1530 (2)

377 1543 539 1618 tellurem
560 1569 661 1618 suam
684 1548 1036 1650 contaminaverunt,
1057 1562 1094 1620 et
1115 1547 1327 1621 enormibus
1349 1550 1435 1622 ausis

377 1661 504 1735 misere
520 1660 855 1759 pessumdederunt.

423 1776 583 1876 Apostoli
598 1776 743 1850 Thomae
759 1777 1009 1851 solennitatem
1025 1777 1115 1851 dum
1130 1777 1233 1878 plebs
1245 1778 1435 1852 christiana

375 1893 496 1965 festive
519 1891 642 1966 recolit
665 1893 735 1990 (3),
765 1894 897 1966 nimius
922 1908 1051 1966 ventus
1076 1894 1228 1966 maxima
1255 1895 1434 1994 terrigenis

374 2006 504 2080 damna
526 2007 623 2098 lecit,
644 2023 680 2080 et
699 2008 735 2080 in
759 2007 879 2080 littura
898 2022 1060 2106 tempore
1079 2005 1302 2080 turbationes
1321 2008 1434 2081 honri·

373 2150 461 2197 num
482 2140 517 2198 et
536 2125 751 2198 mutationes
770 2138 986 2222 potestatum
1005 2122 1200 2221 portendit.
1221 2127 1302 2196 Non
1324 2125 1433 2198 multo

372 2255 455 2337 post
473 2238 718 2313 tribulationes
732 2240 768 2312 in
785 2237 924 2313 mundo
941 2238 1104 2312 maximae
1119 2253 1320 2336 prosecutae
1337 2255 1431 2328 sunt,

372 2354 546 2453 multique
564 2355 610 2428 de
632 2354 776 2428 sublimi
798 2353 1021 2444 ceciderunt,
1047 2353 1195 2452 aliique,
1223 2353 1434 2453 disponente

371 2473 461 2561 Dec,
482 2468 607 2569 quide
624 2484 781 2543 stercore
799 2469 913 2543 elevat
931 2493 1138 2568 pauperem,
1158 2467 1361 2543 honorifice
1376 2495 1431 2542 su·

371 2585 509 2662 blimati
524 2601 619 2660 sunt.

420 2707 478 2774 IX.
498 2701 528 2801 [l
538 2709 552 2777 l
563 2701 638 2801 tu]
651 2707 754 2774 Anno
763 2702 810 2774 ab
822 2705 1070 2776 lncarnatione
1081 2704 1228 2776 Domini
1239 2709 1282 2776 u⁰
1297 2712 1333 2777 cl
1348 2709 1429 2794 xrx’,

370 2817 566 2910 indictione
578 2823 654 2908 xu‘,
672 2817 832 2892 Gelasius
847 2819 1026 2891 secundus
1038 2823 1132 2918 Papa
1144 2825 1193 2890 1v⁰
1202 2817 1376 2892 kalendas
1385 2818 1431 2892 le·

370 2933 503 3008 bruarii
516 2933 613 3033 apud
629 2932 838 3007 Cluniacum
856 2949 1018 3006 mortuus
1031 2949 1067 3007 et
1080 2933 1239 3032 sepultus
1253 2948 1306 3006 est
1317 2935 1386 3032 (4),
1399 2947 1432 3006 et

404 3162 444 3232 (t)
462 3160 499 3216 Le
511 3162 651 3234 scorpion.
666 3160 733 3216 Ceci
749 3159 801 3216 fait
814 3159 932 3216 allusion
946 3162 962 3214 a
976 3159 1112 3234 l’opinion
1129 3159 1202 3214 alors
1218 3159 1365 3234 repandm
1380 3177 1431 3234 que

369 3259 414 3304 cet
427 3249 530 3305 animal
544 3251 612 3306 etait
627 3251 761 3324 dripere,
779 3259 809 3305 et
825 3267 881 3326 que
895 3248 934 3304 les
950 3249 1035 3324 petits
1049 3247 1225 3304 decbiraient
1239 3248 1267 3304 le
1283 3259 1382 3306 ventre
1398 3247 1431 3304 de

369 3337 431 3394 leur
441 3340 518 3395 mere
529 3357 602 3412 pour
614 3355 649 3394 en
662 3339 756 3394 sor-tir.

404 3426 482 3484 llest
493 3427 557 3483 bien
569 3427 627 3482 urai
641 3444 697 3501 que
708 3443 740 3482 ce
749 3429 874 3482 crustace
886 3437 929 3482 est
939 3427 1127 3501 ororiripare‚
1140 3425 1316 3482 c'est-t-dire
1329 3426 1432 3504 quoles

369 3517 440 3571 oeuls
455 3516 577 3572 edocent
588 3515 657 3571 dans
670 3515 696 3571 le
707 3526 804 3571 ventre
817 3514 853 3571 de
867 3515 893 3570 la
907 3515 1000 3584 mere3
1017 3515 1086 3570 mais
1102 3513 1142 3570 les
1154 3515 1238 3588 petits
1249 3515 1330 3570 n’ont
1343 3531 1431 3571 aucun

368 3603 464 3660 besoin
471 3603 540 3660 dele
548 3603 756 3679 dechirerpour
764 3622 800 3660 en
808 3605 901 3660 sortir.
911 3603 949 3658 lla
958 3605 1110 3678 grimpent,
1121 3621 1155 3659 au
1164 3603 1316 3674 contraire,
1325 3621 1374 3660 sur
1381 3619 1429 3658 sou

368 3691 428 3757 dos,
442 3699 471 3746 ct
485 3691 523 3764 s’y
534 3692 699 3748 accrocbent
710 3691 746 3748 de
758 3691 882 3748 muniere
893 3694 909 3746 a
919 3691 1059 3748 s'associer
1069 3696 1085 3748 t
1096 3703 1161 3748 tous
1171 3709 1214 3750 ses
1227 3701 1427 3748 mouremenu.

402 3779 442 3854 (2)
462 3779 535 3834 Dans
548 3797 580 3835 ce
596 3797 722 3854 passage,
738 3791 820 3836 notre
835 3791 936 3836 antem
948 3781 1038 3855 paralt
1050 3781 1183 3837 convenir
1194 3779 1230 3836 de
1243 3779 1269 3835 la
1282 3779 1428 3856 legitimitd

367 3868 415 3926 des
431 3867 605 3942 pretentions
618 3867 653 3925 de
665 3868 827 3926 Gnillanme
839 3867 949 3938 Cliton;
964 3869 1031 3926 c’est
1045 3888 1084 3926 un
1099 3887 1169 3926 aren
1184 3867 1235 3943 qni
1251 3866 1294 3924 lui
1307 3867 1427 3941 ecbappe

367 3967 515 4014 rarement.

403 4047 443 4119 (3)
460 4047 498 4102 Le
510 4049 541 4106 il
557 4044 714 4102 decembre.

402 4135 441 4209 (l)
460 4136 535 4210 voy.
552 4154 581 4210 p.
597 4139 664 4203 au,
682 4145 748 4191 note
765 4139 792 4192 u.
803 4165 839 4178 -
850 4135 938 4192 Notre
951 4145 1051 4192 auteur
1064 4134 1141 4208 place
1154 4133 1180 4190 le
1192 4133 1422 4192 renonrellemeut

366 4223 401 4278 dc
416 4224 573 4282 l’indiction
586 4226 665 4299 apres
680 4224 705 4279 le
717 4225 734 4282 7
747 4225 869 4281 octobre.
884 4227 958 4300 Voy.
972 4225 1119 4295 ci-dessus,
1134 4243 1163 4298 p.
1176 4227 1238 4282 ³29.
