2888 4934
63 334 107 349 .-
1018 308 1036 349 ὗ

10 362 95 481 ·,·’”
170 421 188 480 s
435 419 620 511 msroau
642 419 949 499 ecctuslts'ttct.
1016 425 1226 502 [innitar]

168 553 413 650 impugnavit,
433 552 496 626 sed
514 551 676 653 repulsus
699 553 783 627 inde
802 552 852 627 nil
870 554 1018 653 profecit
1036 555 1104 657 (l).
1128 559 1228 629 Tune

169 668 276 741 etiam
293 667 497 759 Mathaldis,
518 671 672 769 potentis
692 670 803 758 herae,
823 671 1021 769 spaciosam
1041 673 1227 769 regionem

164 783 430 875 devastaverat,
455 810 534 882 quoe
559 787 719 857 Ticinum
740 785 807 882 (2),
833 784 1069 875 Placentiam,
1093 802 1128 859 et
1150 811 1227 859 ma·

168 923 274 998 gnam
293 916 431 999 partem
454 899 582 991 ltaliae,
613 926 691 998 quae
719 925 815 972 nune
834 899 1047 973 Lumbardia
1070 902 1224 990 dicitur,

167 1016 392 1117 possidebat,
410 1031 447 1090 et
462 1017 529 1089 sibi
548 1018 708 1115 patrique
724 1042 790 1088 suo
807 1015 868 1087 diu
887 1016 1110 1117 multumque
1127 1020 1228 1091 resti-

100 1198 106 1207 .
168 1148 271 1225 terat,
282 1135 458 1232 justisque
470 1134 678 1234 apostolicis
694 1161 701 1201 :
719 1134 906 1231 Gregorio,
926 1130 1072 1207 Urbano
1091 1150 1126 1206 et
1144 1138 1227 1209 Pat-

167 1247 261 1323 ohnli
277 1275 418 1349 semper
432 1249 620 1347 suffragata
636 1248 773 1346 luerat(
800 1250 826 1346 ).

216 1366 406 1456 Henricus,
432 1390 491 1438 rex
515 1364 727 1461 Auglorum,
755 1362 960 1437 Mathildem
989 1363 1098 1437 liliam
1126 1389 1228 1436 suam

167 1481 379 1579 Imperatori
396 1481 435 1556 in
447 1503 598 1551 tutorem
612 1478 711 1551 dedit
727 1479 799 1576 (4);
816 1503 924 1578 quam
941 1480 1123 1577 hogerius,
1136 1479 1229 1551 lilius

167 1594 309 1666 Ricardi
328 1595 402 1693 (5),
425 1610 597 1693 cognatus
621 1594 728 1690 regis,
751 1618 834 1665 cum
854 1593 968 1666 nobili
991 1596 1163 1667 comitatu
1183 1594 1229 1666 de

167 1709 291 1808 anglia
306 1711 344 1784 in
362 1711 608 1784 alemanniam
624 1709 736 1781 duxit.
766 1710 909 1806 Argenti
931 1732 1079 1807 quoque
1104 1708 1229 1782 decern

166 1827 277 1901 millia
297 1855 438 1903 marcos
457 1856 540 1903 cum
560 1828 632 1901 filia
646 1854 712 1901 sua
728 1854 789 1900 rex
808 1828 1000 1927 opulentus
1018 1829 1051 1900 ei
1067 1827 1228 1918 donavit,

167 1957 203 2014 et
227 1945 337 2041 regali
361 1971 462 2017 more
484 1968 634 2016 munera
660 1946 813 2042 insignia
842 1945 1043 2018 destinavit.
1075 1949 1231 2042 Impera·

167 2069 225 2129 tor
246 2072 367 2130 autem
393 2075 465 2132 tam
480 2058 704 2156 ¹generosam
729 2060 921 2156 conjugem
952 2059 1151 2133 admodum
1177 2058 1239 2132 di-

166 2169 272 2262 lexit3
290 2174 366 2262 sed,
388 2175 544 2273 peccatis
556 2173 790 2271 exigentibus,
812 2173 937 2245 sobole
954 2177 1106 2272 imperio
1124 2175 1233 2272 digna

167 2289 294 2362 caruit.
316 2288 419 2362 Unde
429 2290 613 2389 imperiale
630 2305 781 2362 stemma
795 2291 831 2360 in
845 2289 964 2379 aliam,
975 2289 1125 2387 jubente
1138 2294 1229 2384 Deo,

167 2399 339 2477 familiam
350 2405 489 2478 transiit
500 2405 570 2503 (6).
584 2409 688 2494 Nam,
700 2428 745 2477 eo
755 2403 939 2493 defuncto,
953 2403 1155 2494 lotharius,
1168 2408 1233 2478 Sa-

168 2543 305 2593 xonum
321 2520 407 2613 dux,
423 2521 668 2619 aproceribus
679 2521 780 2619 regni
797 2519 930 2594 electus
948 2535 1013 2611 est,
1032 2522 1233 2619 meritoque

168 2636 393 2735 frugalitatis,
417 2661 459 2710 ae
482 2635 650 2709 bonitatis
676 2638 714 2709 in
733 2637 863 2709 solium
880 2638 1021 2736 imperii
1045 2653 1233 2737 promotus

169 2768 234 2827 est.
259 2750 437 2825 Mathildis
455 2767 575 2827 autem
597 2753 805 2853 Imperatrix
831 2769 913 2851 post
936 2767 1091 2825 mortem
1115 2753 1234 2824 mariti

154 2870 225 2963 vsui
240 2868 357 2941 natale
375 2867 493 2941 solum
509 2870 668 2970 repetiit,
687 2885 723 2941 et
743 2871 837 2941 inter
854 2893 956 2954 suos,
978 2868 1060 2941 licet
1075 2866 1121 2939 ab
1138 2883 1233 2940 exte·

168 2982 218 3054 ris
236 2980 389 3054 multum
401 2982 619 3080 diligeretur,
635 2983 852 3056 commorari
866 2983 1002 3056 maluit.
1022 2985 1093 3055 Rex
1109 2982 1235 3080 Anglo·

169 3123 266 3189 rum,
285 3113 387 3195 pater
403 3098 492 3193 ejus,
511 3100 683 3190 Jollredo,
705 3096 978 3195 andegavorum
998 3098 1134 3186 comiti,
1154 3121 1233 3168 eam

777 3294 809 3341 ff.

205 3367 244 3440 (l)
261 3367 350 3440 Apres
360 3369 438 3422 avoir
449 3367 528 3440 passe
539 3365 579 3449 les
591 3368 699 3437 Monte,
711 3385 747 3424 au
760 3365 832 3421 mois
842 3363 938 3420 d’aotit
950 3366 1032 3421 4440.

205 3457 245 3526 (2)
264 3456 356 3511 Paule.

206 3544 244 3617 (3)
263 3545 300 3597 ta
312 3554 448 3601 comtesse
460 3542 599 3599 Mathilde
612 3554 727 3599 mourut
738 3544 764 3600 le
773 3542 811 3602 24
820 3541 915 3615 juillet
925 3543 1010 3610 44445,
1023 3551 1052 3596 et
1063 3540 1237 3616 l’Emperettr

169 3651 248 3708 passa
261 3632 297 3687 de
309 3650 435 3688 nouveau
447 3632 486 3687 les
499 3633 592 3687 Monta
605 3649 678 3706 pour
689 3632 832 3687 recueillir
842 3648 871 3686 sa
884 3630 1050 3685 sucoession.

207 3722 246 3794 (l)
265 3722 302 3777 Le
314 3723 436 3796 mariage
449 3721 493 3776 fut
504 3721 613 3777 celebre
624 3721 649 3776 le
660 3721 796 3794 7janvier
808 3721 888 3778 llll.

207 3811 246 3884 (t)
266 3810 363 3885 Roger
380 3811 416 3865 de
433 3809 567 3865 Biensaite
579 3827 617 3864 on
635 3808 671 3864 de
687 3808 783 3879 Clare,
796 3809 867 3864 dont
883 3807 909 3864 le
920 3807 987 3881 pere
1001 3830 1008 3860 :
1021 3804 1157 3873 Richard,
1171 3804 1239 3861 etate

172 3902 270 3956 cousin
282 3906 339 3955 issu
353 3900 388 3954 do
402 3901 527 3973 germain
541 3897 577 3953 de
588 3897 995 3972 Guillaume-le-Conqudrant.

208 3991 246 4060 (6)
266 3991 289 4044 Α
302 3989 326 4044 la
339 3999 413 4044 mort
423 3987 458 4043 de
471 4007 502 4043 ce
516 3990 612 4062 prince
623 3988 647 4043 la
660 3988 770 4062 dignita
782 3986 928 4061 imperiale
938 3986 1020 4040 sortit
1032 4002 1067 4037 en
1082 3981 1147 4038 effet
1164 3981 1237 4038 dela

174 4079 279 4133 maison
295 4076 330 4132 de
346 4078 568 4144 Franeonie,oi1
585 4076 638 4133 elle
652 4077 721 4132 etait
738 4079 834 4132 entree
850 4094 886 4131 en
906 4076 992 4145 tuat,
1008 4081 1038 4128 et
1054 4074 1164 4144 paseat
1183 4071 1237 4126 Lo-

175 4169 264 4223 thaire
276 4168 321 4238 11,
335 4168 390 4223 duc
402 4167 437 4223 tle
450 4169 528 4223 Sane.
