2888 4934
280 427 342 488 860
553 424 736 487 marotia
758 425 1063 488 Eccasssltsttct.
1087 428 1154 502 [11⁰
1163 444 1233 489 tua.
1249 430 1334 507 1119]

280 554 503 628 otmundum
535 571 571 629 et
599 554 799 628 Alhericum
829 555 875 629 de
900 555 1049 630 Marelio
1075 555 1152 653 (1),
1181 553 1337 658 alipaque

278 669 398 770 plures
419 674 636 743 Francorum
661 671 819 768 dejectos
840 685 1024 770 ceperunt.
1047 669 1157 758 Quod
1179 668 1337 744 videare

278 787 422 878 Franci,
451 786 618 859 dixerunt
639 787 742 884 regi:
762 789 948 886 Octoginta
968 785 1097 859 milites
1120 788 1254 874 nmtri,
1281 789 1339 884 qai

273 915 541 999 praecesserant,
555 926 627 972 nort
640 915 864 1000 comparent;
878 901 991 973 hostes
1004 925 1153 973 nuntero
1164 916 1201 972 et
1214 897 1337 972 vtrtbo

278 1016 377 1088 nobas
389 1016 605 1114 praevalent;
618 1018 702 1116 jam
721 1016 948 1091 Buecherdus
962 1033 998 1088 et
1019 1017 1237 1106 otmundus,
1256 1016 1335 1088 att-

277 1157 345 1230 que
354 1134 532 1230 praecipui
539 1134 678 1232 pugiles
692 1136 790 1232 capti
800 1150 898 1221 sunt,
918 1136 1068 1206 etcunei
1078 1137 1200 1207 matri.
1209 1159 1337 1233 magno

276 1271 323 1318 ex
335 1263 441 1343 parte
458 1245 615 1318 labantes
631 1247 799 1321 diminuti
811 1264 906 1321 sunt.
932 1247 1063 1321 Recede
1082 1275 1182 1349 ergo,
1203 1274 1336 1348 quaeru-

277 1387 366 1450 mus,
383 1362 533 1452 άοηιιὴε,
550 1369 782 1465 necentingat
793 1364 892 1438 nobis
903 1364 1074 1437 datam
1087 1364 1331 1462 importabile.

276 1478 339 1550 His
355 1478 477 1570 dietis,
502 1479 704 1554 Ludovicus
727 1480 924 1579 adquievit,
947 1495 1087 1553 etcum
1108 1479 1274 1554 Baldrico
1293 1478 1336 1552 de

276 1596 390 1667 Bosco
406 1594 464 1693 (2)
481 1595 651 1669 velociter
664 1596 810 1694 aufugit.
825 1597 984 1668 Victores
998 1610 1118 1668 autem
1131 1619 1199 1668 exn
1213 1595 1337 1668 milites

277 1710 643 1809 comprehenderunt,
661 1726 698 1783 et
714 1711 870 1809 reliquos
887 1735 1001 1808 usque
1018 1709 1064 1781 ad
1080 1725 1206 1809 portas
1224 1708 1336 1782 Ande·

276 1821 335 1896 leii
349 1826 524 1922 persecuti
538 1840 633 1898 sunt.
649 1825 720 1913 Qui
732 1850 799 1924 per
811 1848 920 1898 uuam
936 1827 1030 1896 viam
1042 1846 1223 1923 pompose
1235 1845 1337 1895 vene·

277 1954 379 2031 runt,
401 1965 466 2039 per
485 1941 607 2040 plures
628 1942 806 2014 anfractus
825 1941 965 2014 confusi
988 1939 1167 2038 fugerunt.
1190 1934 1338 2010 Guilfel·

277 2075 357 2126 mus
391 2063 512 2127 autem
543 2057 727 2155 Crispinus
759 2080 842 2131 cum
881 2056 977 2145 suis,
1015 2069 1056 2125 ut
1087 2053 1227 2126 dictum
1261 2065 1334 2139 est,

275 2168 578 2263 circumvallatus,
600 2186 640 2242 ut
656 2196 775 2269 regem
793 2171 993 2270 prospexit,
1012 2194 1077 2269 per
1093 2167 1234 2242 medias
1249 2166 1337 2241 acies

277 2282 447 2376 adeum,
475 2311 583 2384 quem
607 2289 759 2360 maxime
781 2288 924 2382 odibat,
948 2287 1122 2378 cucurrit,
1148 2285 1338 2384 gladioque

277 2417 384 2495 super
396 2414 505 2498 caput
516 2399 661 2473 feralem
676 2402 788 2473 ictum
800 2401 936 2492 intulit,
955 2400 1019 2474 sed
1032 2400 1210 2499 capicium
1223 2398 1337 2470 lorice

277 2513 438 2610 specialis
454 2516 591 2614 patricii
611 2531 719 2614 caput
736 2515 882 2590 illaesum
900 2515 1066 2616 protexit.
1087 2516 1171 2588 Mox
1188 2528 1338 2585 temera·

276 2629 627 2729 riumpercussorem
635 2633 817 2729 Rogerius,
829 2631 968 2703 Ricardi
975 2629 1140 2725 trtius(3)‚
1150 2628 1335 2727 percussit,

277 2740 455 2840 dejectum
473 2747 584 2845 cepit,
604 2760 640 2818 et
662 2771 770 2845 super
787 2747 903 2845 ipsum
917 2745 1058 2841 jacens,
1083 2765 1129 2814 ne
1146 2766 1168 2812 a
1183 2742 1338 2813 circum·

276 2860 453 2932 stantibus
478 2861 601 2933 amicis
628 2886 696 2959 pro
720 2860 854 2932 ultione
881 2860 973 2957 regis
1002 2883 1087 2930 mox
1114 2869 1335 2942 enecaretur,

276 2970 446 3045 defendit.
468 2979 495 3046 A
513 2975 633 3047 multis
649 2999 780 3073 nempe
797 2975 980 3072 impetitus
996 2988 1067 3063 est,
1090 2986 1125 3043 et
1146 2971 1206 3041 vix
1226 2994 1249 3042 a
1270 2972 1339 3040 Ro·

277 3089 375 3184 gerio
393 3088 544 3161 salvatus
561 3105 626 3162 est.
646 3090 820 3162 Nefarium
834 3092 930 3162 enim
945 3089 1179 3160 temeritatem
1192 3084 1339 3158 inchoa-

276 3217 388 3292 verat,
404 3205 467 3301 qui
483 3204 645 3277 dextram
659 3230 742 3277 cum
759 3203 890 3277 framea
907 3203 1091 3282 ferientem
1108 3225 1219 3299 super
1235 3213 1340 3297 caput

310 3528 349 3600 (1)
381 3529 597 3587 Probabfement
622 3532 734 3588 Aiberic
756 3530 790 3586 de
815 3531 919 3596 Rouci,
944 3531 1063 3585 vicomte
1084 3528 1119 3583 de
1141 3528 1340 3583 traverit-sur-

276 3615 387 3681 Marne‚
404 3634 490 3672 neven
504 3619 539 3672 de
552 3619 662 3676 Beatrix
674 3619 709 3674 de
722 3619 826 3686 Rouci,
842 3628 976 3674 comtesse
988 3616 1024 3671 de
1036 3617 1192 3688 Mortagne·
1209 3615 1306 3687 Voyez
1315 3614 1340 3668 le

275 3701 307 3756 P.
322 3703 461 3772 Anselme,
477 3715 496 3756 t.
511 3706 598 3776 Vltl,
611 3725 639 3778 p.
653 3710 716 3763 862.

310 3794 351 3863 (2)
371 3791 448 3845 Nous
465 3809 584 3862 pensons
596 3812 650 3866 que
664 3795 729 3848 c'est
743 3794 767 3848 ie
780 3794 870 3848 meme
883 3810 1056 3866 personnage
1068 3808 1124 3865 que
1140 3800 1224 3844 notre
1240 3801 1340 3843 auteur

275 3881 349 3934 vient
364 3878 504 3952 d'appcler
519 3880 621 3934 Bandri
635 3881 670 3935 dc
686 3883 758 3938 Brai.
776 3882 800 3936 11
815 3902 834 3953 y
850 3884 920 3935 avait
933 3882 1001 3935 dans
1016 3879 1041 3934 fa
1055 3896 1204 3935 commune
1218 3877 1254 3932 de
1268 3877 1339 3931 Bau·

274 3967 390 4024 dement
403 3987 441 4021 un
454 3967 502 4022 tici
511 3968 549 4021 du
564 3968 617 4020 Bos
628 3985 665 4022 ou
678 3967 715 4022 du
730 3970 812 4035 Busc,
828 3967 897 4025 dont
910 3969 949 4023 les
963 3969 1106 4041 seigneurs
1117 3967 1153 4021 de
1166 3965 1339 4029 Beudemont

273 4066 301 4109 et
314 4057 349 4108 de
361 4056 422 4110 Brai
436 4066 486 4110 ont
498 4067 614 4110 sourent
627 4056 684 4127 pris
697 4056 722 4110 fe
736 4075 810 4110 nom.

312 4144 351 4216 (3)
369 4143 463 4217 Roget·
478 4145 512 4200 de
529 4144 674 4205 Bienfaite
