2888 4934
192 431 301 511 [1123]
522 429 640 493 LIBER
658 428 926 491 enuntiemus,
1190 435 1250 499 ⁴⁴⁵

192 566 298 656 rexit,
331 564 452 662 ibique
478 580 560 638 ante
586 591 684 638 aram
711 565 877 664 pastorali
900 563 1065 637 cambuta
1089 568 1250 664 spacium

193 680 300 753 loculi
319 677 531 776 designavit,
551 695 604 771 et,
625 679 846 753 orationibus
867 678 915 752 ad
931 680 1127 752 Dominum
1144 682 1247 775 fusis,

193 817 276 867 cum
296 795 480 891 aspergine
499 819 599 893 aque
619 794 814 868 benedictae
833 793 1036 892 sepulcrum
1052 795 1249 870 sanctitica-

193 911 256 982 vit.
294 909 458 982 Protinus
492 911 645 1009 operarii
677 910 819 982 foveam
849 907 1030 1004 ligonibus
1060 909 1248 1003 foderunt,

193 1025 415 1120 humumque
426 1025 515 1121 palis
527 1040 742 1122 egesserunt.
757 1023 978 1097 Caenrentsrii
990 1048 1091 1115 vero,
1109 1023 1249 1098 latomi·

192 1163 264 1237 quc
275 1139 496 1237 sarcofagum
509 1141 668 1212 martulis
679 1141 733 1236 (l)
747 1154 932 1231 cavarunt,
945 1153 981 1211 et
988 1163 1137 1213 omnem
1145 1163 1252 1240 appe·

192 1268 310 1325 ratum
321 1253 515 1326 ambulanti
532 1270 568 1326 et
584 1256 744 1353 loquenti
760 1258 942 1355 episcopo,
961 1256 1062 1352 qussi
1081 1256 1252 1329 exanimis

191 1370 272 1464 jam
278 1368 423 1464 jaceret,
444 1370 482 1440 in
500 1369 628 1442 feretro
643 1384 869 1470 coaptarunt.

242 1489 282 1556 ln
294 1485 499 1577 crastinum,
513 1485 601 1558 teria
610 1486 734 1584 nrm),
747 1488 784 1559 in
794 1485 976 1558 basilicam
987 1486 1096 1558 venit.
1109 1486 1251 1557 Missam

193 1623 303 1697 quam
331 1599 632 1698 frequentaverat,
665 1601 844 1674 celebrare
871 1603 1004 1692 voluit;
1032 1603 1113 1701 plus
1140 1602 1252 1673 animi

195 1716 475 1812 quamcorporis
482 1718 618 1790 viribus
629 1718 762 1815 vigens,
777 1720 947 1791 amictum
957 1718 1011 1814 (3)
1024 1741 1133 1815 super
1144 1732 1253 1815 caput

193 1854 299 1901 suum
320 1831 461 1927 posuit;
486 1831 548 1904 sed
569 1833 801 1905 trementibus
824 1834 993 1906 membris
1017 1848 1089 1905 mm
1112 1831 1252 1904 celebre

193 1945 375 2018 servitium
389 1946 558 2020 inchoare
575 1949 705 2020 timuit.
720 1948 911 2046 Capeliano
923 1951 1030 2047 igitur
1041 1948 1079 2020 id
1090 1946 1252 2021 officium

193 2059 334 2157 explere
346 2061 538 2133 Guillelmo
550 2063 730 2162 praecepit,
744 2064 923 2161 missaque
936 2062 1113 2135 celebrata
1125 2078 1252 2135 omnes

193 2177 388 2249 canonicos
404 2180 609 2250 accersivit:
627 2186 722 2250 Ante
734 2206 802 2266 me,
822 2181 951 2278 inquit,
966 2178 1253 2278 pmtprandium

191 2292 381 2377 convenite,
411 2294 495 2388 quia
522 2292 736 2380 thesaurum,
766 2319 869 2392 quem
894 2292 945 2366 ad
971 2319 1054 2366 usas
1077 2293 1252 2366 lemnos

192 2408 350 2502 congessi
358 2404 402 2477 dc
413 2406 603 2480 redditibus
612 2409 776 2497 ecclesiia,
790 2408 841 2482 ad
848 2409 1008 2510 ejusdem
1022 2407 1252 2481 nibilominus

192 2520 381 2593 utilitatem
399 2523 474 2595 volo
487 2525 649 2625 legaliter
660 2525 871 2599 ἄν’σιναΙισνσ.
891 2531 1122 2621 Snmmopere
1133 2525 1248 2621 cupio,

190 2635 381 2735 αῷιινσνιεσ
391 2645 511 2738 gratia
525 2645 605 2729 Dei,
625 2641 782 2715 devitare
794 2669 840 2714 ne
847 2668 939 2738 pars
957 2645 1080 2739 int‘qua
1095 2639 1255 2710 inveniat

190 2750 331 2849 almmil
343 2778 450 2850 super
465 2780 532 2842 me,
552 2755 645 2826 unde
661 2760 700 2827 in
714 2773 904 2853 conspeetu
921 2756 1072 2827 Donuni
1084 2756 1156 2824 mei
1163 2753 1253 2852 jure

184 2870 302 2963 possit
311 2893 478 2939 accusare
493 2895 560 2939 me.
577 2876 684 2956 Nam,
699 2868 914 2942 sicutnudtn
924 2873 963 2941 in
977 2869 1070 2941 lianc
1080 2868 1253 2941 murtdum

190 2982 337 3066 intravi,
361 2983 412 3052 sic
434 3007 491 3053 me
510 2981 610 3055 decet
629 2981 764 3055 necdum
782 2982 920 3084 egredi,
944 3000 984 3055 ut
1000 3007 1142 3054 merear
1156 2985 1255 3082 Agni

193 3099 337 3194 vestigz'a
364 3096 621 3186 liberatam,
648 3123 718 3198 pro
744 3100 845 3200 cujas
873 3124 996 3171 amore
1025 3100 1146 3170 omnia
1167 3099 1253 3197 jam

191 3208 324 3281 dadam
336 3212 498 3311 gaudens
513 3214 697 3287 mundana
712 3215 853 3315 reliqui.

228 3457 269 3530 (l)
288 3459 412 3515 Martem
424 3471 533 3516 aemnt
545 3480 599 3517 aux
613 3478 726 3535 macons
738 3478 812 3535 pour
822 3476 934 3516 creater
945 3458 984 3515 let
994 3458 1101 3532 pierret
1110 3455 1250 3514 σσΙσιίνσι.

227 3545 271 3618 (2)
291 3547 328 3603 Le
341 3548 474 3606 vendredi
486 3551 521 3608 2⁷
533 3549 646 3606 octobre
658 3552 738 3610 ⁴⁴22.

227 3635 267 3707 (3)
280 3635 395 3693 L’amict
405 3648 448 3694 est
458 3638 484 3694 le
496 3639 617 3712 premier
628 3637 678 3696 dee
691 3640 732 3694 six
743 3639 896 3694 retamenta
906 3635 1071 3693 necoenires
1082 3653 1155 3710 pour
1166 3634 1192 3691 la
1205 3637 1251 3690 ce-

193 3719 329 3778 lebration
344 3723 380 3780 de
396 3725 421 3780 la
435 3745 530 3782 messe.
547 3727 571 3782 Il
583 3745 612 3783 se
629 3728 733 3801 portait
749 3726 969 3801 primitivement
984 3742 1033 3781 tur
1048 3724 1075 3780 le
1089 3725 1162 3790 tiete3
1178 3722 1251 3778 aussi

192 3810 267 3864 ert-il
282 3812 394 3885 qualifie
407 3814 459 3870 de:
478 3817 568 3871 Galea
581 3817 694 3884 edunt,
708 3816 776 3872 dant
788 3816 918 3872 l'oraiscn
927 3833 983 3892 que
994 3815 1049 3870 l’on
1062 3830 1204 3888 pmnoncc
1214 3829 1251 3867 en

192 3895 248 3951 t’en
261 3900 393 3956 reveunt.
407 3903 444 3957 La
455 3903 569 3976 plnpart
578 3903 626 3958 des
635 3904 733 3960 ordres
743 3903 878 3978 religieux
888 3914 939 3961 ont
948 3904 1079 3960 conserve
1089 3912 1163 3957 cette
1173 3899 1252 3956 habi·

192 3982 274 4052 tude,
290 4005 326 4041 au
339 3986 397 4044 lien
409 3989 444 4045 (le
455 3989 482 4045 le
494 4001 589 4064 portes
600 4008 648 4047 sur
659 3991 699 4048 les
711 3992 836 4067 ipsulm,
849 4009 959 4049 comme
973 3991 1000 4047 le
1015 3990 1106 4064 clerge
1121 3985 1248 4044 seculier.

195 4068 248 4139 Or,
266 4073 363 4130 Ser-lon
380 4079 552 4150 appartenait
564 4082 578 4135 l
590 4078 693 4135 l’ortlre
704 4079 739 4136 de
750 4080 952 4149 Salat-Benoit,
967 4079 1040 4135 aneti
1054 4076 1119 4133 bien
1131 4094 1187 4151 que
1199 4093 1248 4131 son

194 4157 321 4231 chapitre
335 4173 397 4219 tont
411 4167 511 4221 entier.
