2888 4934
189 152 398 240 {iscariot}
551 152 669 227 siner
690 154 877 217 nictans.
1183 163 1242 224 ιω

188 280 323 390 insertis
340 287 507 367 memus.
529 289 663 360 Contra
677 287 759 361 illas
773 312 846 360 non
864 288 1034 362 nodemus
1049 290 1247 400 ωπςζώαα·

186 428 407 507 margero,
418 403 874 504 qaiastatimsutnressuor
889 404 1137 480 ulciscerentur
1147 411 1189 480 in
1195 424 1240 481 te.

187 522 336 593 Siem'm
344 536 494 618 magnas
503 538 568 588 rex
583 514 776 591 Pirsaram
785 516 962 590 Sotimus
974 545 1053 591 cum
1069 525 1170 592 omni
1180 523 1245 591 vir·

190 632 643 724 mtesnahtoecdveataret,
655 649 690 706 et
701 635 793 705 hanc
805 621 1034 706 mantuanam
1042 660 1246 734 expugnare

187 764 375 849 satageret
395 747 662 847 tantoprobims
673 764 727 820 est
738 752 777 820 in
788 752 950 838 Francis,
966 766 1000 821 et
1014 765 1087 822 tam
1097 751 1246 850 grandes

185 850 360 962 furando
373 867 598 953 mamae,
623 881 662 937 ur
680 864 804 937 atam
819 865 1243 953 atttmoeoewarmc,

189 1001 223 1056 et
244 999 440 1082 antequam
463 998 695 1080 caperentur,
725 984 881 1082 ingenae
905 983 1116 1055 nostrornm
1142 982 1249 1054 decri-

191 1114 310 1170 mnae
321 1101 533 1196 immam.
548 1094 675 1169 Melias
686 1100 983 1196 estigimromore
995 1101 1175 1170 immicum
1183 1122 1250 1195 pa·

190 1213 343 1306 aficere,
358 1232 465 1311 qaam
475 1214 669 1283 enaritate
680 1211 936 1307 adkaaseram
945 1211 1076 1287 rabiem
1083 1215 1244 1284 incitare.

232 1327 402 1402 Consiliis
426 1329 546 1424 itaque
568 1326 774 1424 hujusmodi
800 1327 1033 1400 Dalimannus
1053 1327 1246 1424 adquievit.

191 1448 343 1543 Accepta
359 1466 444 1539 ergo
460 1442 596 1515 strenui
615 1442 716 1515 ducis
732 1443 981 1534 samiiiaritate,
1002 1445 1039 1514 in
1060 1444 1171 1515 domo
1188 1465 1251 1514 sua

188 1558 258 1655 jam
288 1557 337 1630 de
365 1558 551 1629 communi
579 1557 743 1655 prosectu
767 1556 878 1629 libere
904 1556 1118 1656 imperabat,
1145 1554 1252 1628 etde

190 1672 364 1746 Mauris
380 1673 452 1745 suis
464 1672 540 1768 jam
562 1671 659 1769 larga
675 1671 882 1744 Christianis
902 1673 996 1745 ultro
1013 1672 1110 1744 dona
1131 1695 1254 1767 eroga·

191 1787 261 1862 ho.
278 1789 449 1887 Captivos
461 1811 607 1884 quoque
616 1811 683 1887 per
692 1801 807 1860 totam
818 1787 1001 1884 regionem
1013 1812 1115 1859 suam
1127 1808 1253 1858 omnes

192 1903 335 1977 litterari·
351 1902 589 2002 praecipiebat.
612 1901 753 1974 Obnixe
768 1926 856 1975 vero
873 1917 1094 2000 quaeruntur,
1117 1900 1253 1972 inventi

192 2018 435 2106 adducuntur,
464 2014 720 2088 aDalimanno
746 2016 839 2088 hene
864 2017 1079 2106 vestiuntur,
1102 2030 1138 2086 et
1163 2018 1253 2086 Bua-

192 2133 332 2206 mn'ndo
347 2133 551 2207 traduntur.
572 2131 626 2204 Ab
639 2131 702 2204 illo
716 2134 882 2232 protinus
898 2132 1145 2232 compatriotis
1162 2155 1255 2203 asso

192 2250 332 2322 dantur
353 2270 395 2320 ac
416 2272 483 2347 pet·
510 2247 651 2319 diversa
677 2246 797 2320 officia
818 2247 1056 2346 deputantur,
1088 2246 1135 2320 ad
1167 2269 1254 2340 aug·

193 2378 356 2435 mentum
383 2377 419 2434 et
441 2362 591 2434 tutelam
614 2365 817 2453 sociorum,
842 2386 889 2436 ne
913 2363 1076 2462 quolibet
1098 2360 1256 2457 maligno

194 2480 411 2553 deludantur
426 2480 647 2579 sophismate
666 2486 903 2578 Paganorum.

238 2596 413 2670 Ricardus
429 2595 465 2669 et'
481 2599 609 2687 Sarnis,
628 2614 879 2671 consummata
895 2598 1087 2694 legatione,
1113 2609 1197 2693 post
1209 2618 1257 2664 xv

194 2711 267 2784 dies
282 2714 527 2800 remesinum,
545 2728 580 2784 et
592 2715 777 2811 copiosam
790 2714 1077 2785 Christianorum
1093 2709 1257 2782 militiam

195 2822 433 2897 addimerunt.
451 2831 551 2913 Quos
567 2826 804 2898 Dalimannus
818 2848 902 2898 curn
915 2826 1051 2923 ingenti
1064 2824 1168 2922 jussit
1184 2848 1258 2896 om·

195 2962 255 3010 nes
271 2938 415 3011 honore
430 2941 560 3038 recipi,
581 2956 617 3013 et
639 2941 819 3015 uberrima
844 2942 930 3033 illis,
951 2941 1151 3015 secundum
1169 2943 1261 3018 ritus¹

195 3054 343 3156 patrios,
362 3054 516 3127 obsonia
532 3058 735 3154 praeparari,
754 3073 790 3130 ot
805 3082 956 3155 quaeque
973 3057 1041 3130 illis
1059 3057 1257 3129 necessaria

196 3184 310 3241 essent
327 3169 515 3241 affluenter
527 3171 649 3242 tribui.
662 3177 761 3244 Tunc
777 3173 1011 3246 Buamundus
1027 3188 1062 3246 et
1078 3172 1259 3245 Daliman·

197 3309 261 3358 nus
277 3300 490 3384 perpetuam
502 3288 596 3358 inter
611 3312 649 3359 se
666 3313 793 3386 pacem
804 3288 1050 3378 firmaverunt,
1069 3288 1259 3386 tribusque

198 3398 321 3471 diebus
338 3414 604 3499 competentem
621 3402 689 3474 illis
706 3405 743 3475 in
758 3405 926 3476 omnibus
939 3418 1150 3503 apparatum
1170 3428 1258 3503 prae-

200 3530 428 3621 paraverunt.
455 3516 595 3589 Deinde
615 3520 848 3591 Buamundus
868 3534 903 3591 et
923 3520 1094 3591 Ricardus
1115 3533 1152 3591 et
1169 3536 1258 3603 con·

200 3629 329 3727 captivi
347 3653 475 3702 eorum
495 3631 541 3703 de
566 3634 769 3731 captivitate
789 3634 857 3706 laeti
883 3636 1065 3725 exierunt,
1091 3648 1142 3725 et,
1168 3634 1260 3704 sicut

199 3742 393 3817 torohahel
407 3759 443 3815 et
457 3744 658 3837 Nehemias,
677 3749 874 3837 Dominum
890 3754 1007 3821 Deum
1023 3747 1130 3821 lsrael
1146 3746 1258 3827 bene·

202 3856 374 3931 dixerunt.
394 3866 494 3948 Quos
511 3863 745 3937 Dalimannus
763 3880 799 3937 et
822 3866 1010 3963 optimates
1037 3866 1131 3960 ejas,
1156 3863 1259 3935 exul-2
