2888 4934
189 429 295 508 pmr]
525 423 641 486 nisan
662 423 904 487 uaeramus.
1185 428 1243 488 175

188 582 343 656 cumque
365 557 412 629 de
437 555 505 628 illis
530 580 657 655 capere
684 573 819 655 posset,
850 555 1043 654 suspendio
1072 559 1241 657 perirent.

188 674 312 749 territi
332 697 420 747 vero
438 687 533 746 tanta
551 664 789 747 obstinatione
806 674 913 769 regis,
936 672 1056 749 salutis
1071 699 1143 745 suae
1158 699 1244 747 con·

188 787 306 865 tilium
324 787 494 885 indagare
511 802 709 886 coeperunt,
729 803 765 860 et
781 774 1013 861 Guillelmum
1028 789 1243 876 Pantolium‚

189 904 247 1002 qui
268 904 388 977 affinis
405 928 531 978 eorum
556 919 648 993 erat,
675 904 941 1002 persuasionem
968 905 1044 1000 ejus
1070 904 1242 992 audituri,
1337 922 1340 928 ·

189 1019 437 1092 accersierunt.
460 1018 521 1115 Ille
538 1033 658 1091 autem
680 1018 773 1089 inter
788 1042 851 1090 eos
872 1033 907 1090 et
929 1043 1047 1116 regem
1070 1018 1246 1091 mediator

189 1134 351 1221 accessit,
374 1149 411 1219 et
430 1133 541 1206 facete
558 1134 756 1232 composita
780 1133 942 1207 oratione
961 1116 1006 1206 ad
1024 1133 1245 1207 reddendam

189 1247 346 1345 legitimo
364 1249 438 1347 regi
454 1250 690 1321 munitionem
708 1250 950 1340 commonuit,
969 1250 1070 1346 cujus
1086 1273 1129 1321 ex
1146 1263 1246 1347 parte
1276 1282 1281 1297 ·

191 1377 283 1436 terra
294 1377 442 1437 centum
454 1362 627 1436 librarum
639 1362 771 1434 fundos
784 1387 909 1435 eorum
924 1362 1106 1461 augendos
1115 1362 1248 1459 jureju-

190 1479 302 1553 rando
314 1481 491 1579 promisit.
508 1478 702 1578 Oppidani,
720 1479 944 1559 considerata
957 1480 1139 1551 communi
1150 1503 1248 1550 com·

190 1595 376 1686 moditate,
394 1595 668 1694 adquieverunt,
686 1609 721 1666 et
738 1595 840 1691 regiae
851 1595 1041 1691 majestatis
1056 1593 1244 1683 voluntati,

191 1732 232 1781 ne
240 1710 444 1783 resistendo
451 1709 751 1808 periclitarentur,
762 1708 987 1781 obedierunt.
1002 1710 1163 1804 Denique
1173 1732 1249 1805 per-

191 1828 296 1900 missu
314 1828 408 1924 regis
424 1827 575 1899 domino
592 1851 658 1899 suo
676 1826 831 1923 legatum
853 1825 1033 1897 Rodberto
1050 1824 1249 1898 destinave-

192 1958 283 2034 runt,
305 1968 372 2042 per
387 1967 496 2041 quem
512 1968 550 2015 se
568 1967 643 2015 non
662 1966 767 2040 posse
783 1939 929 2014 ulterius
946 1940 1097 2013 tolerare
1114 1938 1249 2012 violen-

191 2057 273 2130 tiam
284 2058 409 2130 invicti
419 2058 589 2156 principis
602 2056 874 2157 mandaverunt.
892 2055 1118 2154 stipendiarii
1130 2071 1248 2128 autem

191 2172 317 2246 milites
339 2197 467 2272 pacem
487 2174 708 2262 nescierunt,
733 2198 842 2270 quam
870 2170 1043 2272 oppidani
1065 2196 1191 2245 omnes
1213 2187 1249 2245 et

190 2285 400 2385 burgenses,
424 2290 540 2388 perire
558 2287 738 2376 nolentes,
763 2288 831 2358 illis
848 2287 1057 2360 inconsultis
1075 2288 1245 2360 fecerunt.

190 2405 351 2499 Cumque
362 2405 578 2501 insperatam
589 2427 666 2474 rem
677 2403 948 2502 comperissent,
964 2402 1137 2500 indignati
1149 2415 1246 2485 sunt,

191 2534 221 2592 et
232 2519 345 2591 armis
359 2521 546 2617 assumptis
558 2518 767 2591 inchoatum
778 2543 870 2617 opus
883 2519 1056 2617 impedire
1066 2520 1134 2590 nisi
1150 2531 1245 2589 sunt.

191 2631 464 2732 Oppidanorum
485 2658 569 2731 ergo
590 2633 759 2707 violentia
779 2635 816 2704 in
837 2633 994 2732 quadam
1015 2649 1115 2731 parte
1133 2631 1250 2704 muni·

191 2747 295 2819 tionis
305 2746 434 2819 inclusi
446 2762 542 2838 sunt,
561 2762 597 2820 et
607 2749 694 2845 regii
707 2749 872 2821 satellites
883 2773 966 2821 cum
980 2745 1088 2844 regali
1103 2744 1247 2836 vexillo,

191 2861 310 2935 multis
327 2861 580 2959 gaudentibus,
606 2866 761 2963 suscepti
783 2878 878 2936 sunt.
904 2862 1044 2934 Deinde
1063 2887 1140 2951 rex,
1165 2859 1249 2957 quia

192 2976 409 3076 stipendiarii
427 2976 537 3050 fidem
556 2980 710 3077 principi
732 3003 799 3051 suo
823 2977 1027 3065 servabant,
1054 2991 1093 3047 ut
1111 2974 1247 3063 decuit,

193 3093 237 3165 eis
260 3092 418 3166 liberum
442 3118 526 3166 cum
548 3095 649 3192 equis
676 3109 711 3166 et
736 3095 842 3166 armis
865 3093 998 3164 exitum
1019 3092 1157 3164 annuit.
1178 3092 1249 3178 Qui

193 3208 423 3304 egredientes,
436 3211 530 3282 inter
542 3224 701 3282 catervas
716 3208 957 3281 obsidentium
974 3206 1175 3306 plorabant,
1195 3230 1249 3277 se·

194 3343 297 3418 seque
319 3323 558 3396 fraudulentia
578 3325 809 3397 castrensium
830 3338 866 3395 et
884 3325 1134 3420 magistrorum
1158 3320 1250 3393 male

195 3435 436 3535 supplantatos
478 3437 596 3536 palam
631 3438 871 3537 plangebant,
913 3454 948 3512 et
985 3464 1110 3511 coram
1149 3438 1249 3509 omni

197 3555 366 3643 exercitu,
394 3579 440 3627 ne
461 3555 540 3627 talis
564 3578 690 3628 eorum
711 3580 813 3628 casus
838 3554 916 3627 aliis
937 3554 1133 3654 opprobrio
1158 3567 1249 3626 esset

197 3667 444 3766 stipendiariis,
473 3670 691 3768 complicum
708 3670 813 3742 dolos
837 3669 1060 3766 detegebant.
1087 3667 1248 3741 Rodber·

197 3791 269 3870 tus,
314 3797 353 3854 ut
388 3785 664 3856 munitissimum
707 3784 841 3880 Brugiae
877 3800 1056 3872 castrum,
1097 3785 1134 3854 in
1175 3806 1247 3878 quo

199 3897 344 3968 maxime
372 3897 594 3988 confidebat,
623 3901 697 3995 regi
725 3900 913 3972 subactum
940 3900 1093 3989 audivit,
1126 3898 1249 3970 anxins

199 4006 378 4105 ingemuit,
406 4027 442 4084 et
462 4038 555 4111 pene
578 4014 614 4085 in
640 4016 835 4088 amentiam
858 4040 997 4104 versus,
1020 4014 1108 4111 quid
1132 4025 1247 4109 ageret
1363 4031 1365 4036 ·

201 4122 377 4218 ignoravit.
397 4130 470 4199 Rex
489 4144 608 4201 autem
624 4130 817 4228 phalanges
834 4155 915 4205 suas
928 4131 1032 4227 jussit
1047 4126 1161 4202 Huvel
1177 4132 1248 4198 He-
