2888 4934
188 420 277 497 [nov.
296 419 388 496 1120]
513 415 629 477 LIBER
650 414 917 476 DUODECIMUS.
1182 413 1239 475 411

189 563 403 649 praeparata,
428 563 464 621 et
483 547 595 621 nobili
612 546 751 642 legione
770 547 805 617 in
822 546 995 617 comitatu
1009 546 1100 642 regis
1116 548 1242 617 Austro

189 663 297 737 flaute
306 676 503 759 aggregata,
515 669 578 733 νιιο
587 661 757 734 kalendas
765 659 1002 755 decembris(t
1012 658 1039 754 ),
1049 660 1164 759 prima
1175 672 1244 732 sta·

189 780 288 852 tione
305 779 433 867 noctis,
452 801 513 849 rex
530 793 566 850 et
577 779 725 849 comites
742 778 817 873 ejus
832 800 939 849 naves
955 775 1187 864 intraverunt,
1207 790 1243 846 et

187 895 335 969 carben
350 919 491 967 sursum
510 892 626 965 levata
638 893 753 964 ventis
772 894 809 964 in
832 892 957 991 pelago
973 891 1241 980 commiserunt,

187 1024 226 1082 et
240 1034 346 1083 nane
363 1008 543 1108 angliam,
563 1008 696 1106 quibus
711 1032 734 1081 a
749 1013 825 1080 Deo
842 1031 1050 1080 eoncessum
1066 1006 1148 1096 fnit,
1169 1029 1244 1078 am·

190 1123 426 1224 plexatisnnt.
444 1130 485 1196 ln
497 1123 557 1197 illa
568 1124 791 1220 navigatione
804 1124 902 1195 triste
914 1121 1148 1196 infortunium
1160 1145 1247 1193 con·

190 1239 285 1337 tigit,
309 1240 410 1337 qnod
433 1240 564 1313 multos
583 1239 700 1312 luctus
724 1254 759 1313 et
779 1237 1054 1312 innumerabiles
1074 1238 1247 1333 lacrymas

191 1353 321 1426 elicuit.
344 1353 515 1445 ihomas,
538 1353 630 1427 filius
652 1355 839 1454 Stephani,
867 1379 985 1451 regem
1008 1352 1113 1445 adiit,
1142 1352 1248 1448 eique

191 1491 353 1541 marcum
362 1469 611 1560 aurioiierens,
620 1470 668 1542 ait
678 1496 686 1541 :
695 1469 905 1567 Stephanus,
916 1466 1245 1562 Ai'rardifilins(2),

187 1586 329 1682 gemior
343 1583 542 1680 nzenefuit,
562 1602 600 1656 et
609 1589 684 1682 ipse
695 1587 733 1656 in
745 1588 846 1655 omni
859 1587 928 1656 vita
942 1611 1007 1656 sua
1017 1586 1123 1682 patri
1138 1599 1196 1654 tiro
1210 1585 1249 1652 in

191 1700 290 1769 mari
298 1702 451 1771 servivit.
468 1705 564 1771 Nam
576 1699 689 1786 illam,
707 1703 747 1770 in
756 1725 822 1775 sua
826 1725 949 1797 puppe
961 1717 1105 1786 vectum,
1123 1701 1162 1768 in
1173 1703 1249 1770 Aa·
1369 1786 1375 1798 ι

189 1812 488 1915 glt'ameoaduait,
502 1813 655 1912 quanda,
668 1831 793 1917 eontra
804 1813 1245 1914 Haraldumpugnamrus,

193 1932 233 2001 in
251 1930 421 2029 Angitiam
435 1934 612 2027 perrexit.
638 1930 853 2030 Hnjnsmodi
868 1947 987 2003 autem
1002 1929 1121 2027 officio
1142 1957 1250 2029 usque

192 2043 245 2116 ad
253 2061 402 2118 mortem
408 2043 628 2141 famulando
638 2049 674 2118 ei
677 2043 826 2143 placuit,
847 2062 883 2117 et
897 2045 942 2116 ab
957 2071 998 2117 eo
1009 2045 1131 2116 mlta
1142 2045 1251 2116 liono-

193 2175 296 2231 ratus
310 2163 458 2247 exeniis,
477 2164 571 2233 inter
583 2160 795 2233 contribules
809 2186 891 2233 suos
908 2161 1096 2261 magmfice
1102 2162 1247 2253 floruit.

195 2277 272 2344 Hoc
280 2272 451 2369 fiendum,
477 2274 618 2347 domine
637 2301 719 2362 rea,
745 2301 771 2346 a
792 2292 825 2347 te
848 2279 1007 2374 requiro,
1030 2292 1068 2346 et
1084 2301 1143 2346 vas
1159 2273 1256 2374 quod

197 2387 484 2461 Caiatia-Nava
495 2391 711 2489 appellatur,
729 2393 855 2464 merito
870 2390 920 2463 ad
930 2390 1084 2492 regalem
1088 2389 1252 2486 famula·

196 2521 272 2577 urm
293 2508 424 2603 optime
448 2509 658 2580 instructum
678 2506 799 2581 habeo.
825 2509 891 2582 Cui
912 2534 976 2582 rex
999 2509 1076 2581 ait:
1100 2513 1250 2588 Gratum

195 2618 306 2690 liabeo
331 2619 426 2718 quod
441 2625 549 2718 petit.
577 2623 671 2695 Mihi
691 2621 832 2722 quriiem
852 2641 976 2721 aptam
1001 2624 1121 2694 navim
1144 2622 1249 2721 elegi,

196 2759 306 2832 quam
319 2760 391 2807 non
403 2735 542 2808 mutabo
547 2767 563 2824 ,·
578 2737 644 2809 sed
646 2738 751 2829 filios
765 2763 861 2808 meos
876 2765 886 2808 :
904 2735 1132 2811 Gnillelmum
1145 2752 1183 2806 et
1196 2737 1255 2806 Ri-

197 2849 360 2937 cardum,
386 2877 473 2950 quos
492 2856 585 2923 eraut
602 2878 658 2923 me
679 2851 803 2952 diligo,
827 2878 907 2923 cum
928 2850 1040 2922 multa
1065 2853 1168 2950 regni
1184 2854 1257 2921 mei

198 2961 394 3052 nobilitate,
421 2992 514 3037 nana
536 2965 598 3037 tibi
615 2966 832 3039 commendo.
852 2998 868 3034 s
888 2967 950 3039 His
970 2966 1116 3057 auditis,
1138 2979 1255 3039 nautae

198 3078 309 3172 gavisi
328 3094 428 3171 sunt,
451 3077 595 3176 filioque
612 3081 703 3174 regis
717 3079 919 3171 adulantes,
938 3081 1062 3151 vinum
1082 3078 1129 3151 ab
1148 3103 1192 3151 eo
1208 3078 1256 3153 ad

197 3189 395 3265 bibendum
413 3194 693 3292 postulaverunt.
711 3199 754 3268 At
770 3195 827 3268 ille
843 3210 915 3267 tres
928 3195 1001 3266 vini
1017 3192 1160 3268 modios
1173 3195 1257 3294 ipsis

198 3302 276 3379 dori
296 3310 474 3407 praecepit.
503 3309 643 3397 Quibus
669 3310 838 3410 acceptis,
868 3307 1052 3401 biberunt,
1081 3308 1256 3407 sociisque

198 3418 422 3496 abundanter
444 3424 741 3521 propinaverunt,
768 3425 991 3521 nimiumque
1014 3439 1181 3522 potantes
1201 3424 1255 3494 in·

198 3531 324 3609 ebriati
341 3551 436 3608 sunt.
456 3542 557 3610 iussn
577 3540 668 3637 regis
687 3540 789 3612 multi
808 3539 961 3613 barones
980 3565 1064 3612 cum
1085 3538 1165 3613 filiis
1185 3539 1257 3610 suis

234 3869 274 3942 (i)
295 3872 331 3926 be
344 3875 379 3930 25
394 3873 552 3928 novembre.

233 3959 273 4030 (2)
292 3959 315 4014 11
333 3971 376 4017 eat
392 3961 584 4035 tres-possible
597 3981 652 4036 que
669 3980 701 4018 ce
717 3961 771 4018 soit
787 3982 818 4018 ee
833 3973 934 4035 patron
946 3963 984 4018 de
999 3963 1103 4035 basque
1120 3957 1204 4032 qn'on
1218 3956 1257 4010 ait

199 4043 314 4118 designa
326 4048 393 4104 dana
405 4050 431 4106 le
439 4049 691 4124 Domesday·Baoir
701 4069 808 4107 comme
821 4061 917 4107 tenant
928 4053 956 4106 in
968 4053 1057 4121 capite
1065 4048 1133 4102 dans
1141 4045 1167 4100 le
1176 4044 1257 4101 Berk-

201 4132 292 4202 snite,
307 4152 369 4192 sons
384 4137 408 4193 le
422 4158 486 4194 nom
501 4138 536 4194 de
550 4139 685 4212 Stasanor
690 4183 697 4209 ,
712 4140 929 4214 liriardifilint.
