<?xml version="1.0" encoding="UTF-8"?>
<!DOCTYPE html PUBLIC "-//W3C//DTD XHTML 1.0 Transitional//EN"
    "http://www.w3.org/TR/xhtml1/DTD/xhtml1-transitional.dtd">
<html xmlns="http://www.w3.org/1999/xhtml" xml:lang="en" lang="en">
 <head>
  <title>
</title>
<meta http-equiv="Content-Type" content="text/html;charset=utf-8" />
  <meta name='ocr-system' content='tesseract 3.04.00' />
  <meta name='ocr-capabilities' content='ocr_page ocr_carea ocr_par ocr_line ocrx_word'/>
</head>
<body>
  <div class='ocr_page' id='page_1' title='image "./ordericivitalis07deligoog/ordericivitalis07deligoog_0029.png"; bbox 0 0 2888 4934; ppageno 0'>
   <div class='ocr_carea' id='block_1_1' title="bbox 199 422 1258 505">
    <p class='ocr_par' dir='ltr' id='par_1_1' title="bbox 199 422 1258 505">
     <span class='ocr_line' id='line_1_1' title="bbox 199 422 1258 505; baseline 0.001 -16"><span class='ocrx_word' id='word_1_1' title='bbox 199 430 236 489; x_wconf 82' lang='lat' dir='ltr'><strong>rc</strong></span> <span class='ocrx_word' id='word_1_2' title='bbox 473 422 990 487; x_wconf 74' lang='lat' dir='ltr'><strong>nrsronneccnrsusr1cl.</strong></span> <span class='ocrx_word' id='word_1_3' title='bbox 1151 430 1258 505; x_wconf 78' lang='lat'><strong>[1095]</strong></span> 
     </span>
    </p>
   </div>
   <div class='ocr_carea' id='block_1_2' title="bbox 142 558 1258 3905">
    <p class='ocr_par' dir='ltr' id='par_1_2' title="bbox 194 558 1258 749">
     <span class='ocr_line' id='line_1_2' title="bbox 194 558 1258 658; baseline 0.002 -28"><span class='ocrx_word' id='word_1_4' title='bbox 194 561 293 630; x_wconf 82' lang='lat' dir='ltr'><strong>Tune</strong></span> <span class='ocrx_word' id='word_1_5' title='bbox 311 560 420 632; x_wconf 90' lang='lat' dir='ltr'><strong>nimia</strong></span> <span class='ocrx_word' id='word_1_6' title='bbox 437 560 549 630; x_wconf 90' lang='lat' dir='ltr'><strong>motio</strong></span> <span class='ocrx_word' id='word_1_7' title='bbox 567 559 726 657; x_wconf 86' lang='lat' dir='ltr'><strong>gentium</strong></span> <span class='ocrx_word' id='word_1_8' title='bbox 750 559 840 631; x_wconf 84' lang='lat' dir='ltr'><strong>lacta</strong></span> <span class='ocrx_word' id='word_1_9' title='bbox 865 572 930 646; x_wconf 88' lang='lat' dir='ltr'><strong>est,</strong></span> <span class='ocrx_word' id='word_1_10' title='bbox 949 558 1040 631; x_wconf 87' lang='lat' dir='ltr'><strong>sicut</strong></span> <span class='ocrx_word' id='word_1_11' title='bbox 1065 559 1101 630; x_wconf 90' lang='lat' dir='ltr'><strong>in</strong></span> <span class='ocrx_word' id='word_1_12' title='bbox 1125 583 1258 658; x_wconf 85' lang='lat' dir='ltr'><strong>praece·</strong></span> 
     </span>
     <span class='ocr_line' id='line_1_3' title="bbox 194 673 762 749; baseline -0.004 -3"><span class='ocrx_word' id='word_1_13' title='bbox 194 673 297 747; x_wconf 91' lang='lat' dir='ltr'><strong>denti</strong></span> <span class='ocrx_word' id='word_1_14' title='bbox 314 674 435 749; x_wconf 91' lang='lat' dir='ltr'><strong>libello</strong></span> <span class='ocrx_word' id='word_1_15' title='bbox 447 676 531 747; x_wconf 88' lang='lat' dir='ltr'><strong>satis</strong></span> <span class='ocrx_word' id='word_1_16' title='bbox 548 674 685 746; x_wconf 92' lang='lat' dir='ltr'><strong>dictum</strong></span> <span class='ocrx_word' id='word_1_17' title='bbox 696 689 762 746; x_wconf 90' lang='lat' dir='ltr'><strong>est.</strong></span> 
     </span>
    </p>

    <p class='ocr_par' dir='ltr' id='par_1_3' title="bbox 179 789 1257 1470">
     <span class='ocr_line' id='line_1_4' title="bbox 242 789 1256 888; baseline 0.002 -26"><span class='ocrx_word' id='word_1_18' title='bbox 242 798 340 865; x_wconf 86' lang='lat' dir='ltr'><strong>Tunc</strong></span> <span class='ocrx_word' id='word_1_19' title='bbox 359 790 591 880; x_wconf 85' lang='lat' dir='ltr'><strong>Godeln&#39;dus,</strong></span> <span class='ocrx_word' id='word_1_20' title='bbox 612 790 847 888; x_wconf 73' lang='lat' dir='ltr'><strong>lotharingia</strong></span> <span class='ocrx_word' id='word_1_21' title='bbox 866 790 955 881; x_wconf 84' lang='lat' dir='ltr'><strong>dux,</strong></span> <span class='ocrx_word' id='word_1_22' title='bbox 972 789 1160 863; x_wconf 88' lang='lat' dir='ltr'><strong>Bullonem</strong></span> <span class='ocrx_word' id='word_1_23' title='bbox 1179 815 1256 864; x_wconf 89' lang='lat' dir='ltr'><strong>cas·</strong></span> 
     </span>
     <span class='ocr_line' id='line_1_5' title="bbox 195 905 1257 1006; baseline -0.002 -26"><span class='ocrx_word' id='word_1_24' title='bbox 195 925 290 980; x_wconf 89' lang='lat' dir='ltr'><strong>trum</strong></span> <span class='ocrx_word' id='word_1_25' title='bbox 313 934 394 980; x_wconf 92' lang='lat' dir='ltr'><strong>cum</strong></span> <span class='ocrx_word' id='word_1_26' title='bbox 417 906 585 979; x_wconf 91' lang='lat' dir='ltr'><strong>omnibus</strong></span> <span class='ocrx_word' id='word_1_27' title='bbox 610 905 829 1006; x_wconf 88' lang='lat' dir='ltr'><strong>appendiciis</strong></span> <span class='ocrx_word' id='word_1_28' title='bbox 848 907 921 977; x_wconf 92' lang='lat' dir='ltr'><strong>suis</strong></span> <span class='ocrx_word' id='word_1_29' title='bbox 939 907 1108 1004; x_wconf 89' lang='lat' dir='ltr'><strong>episeopo</strong></span> <span class='ocrx_word' id='word_1_30' title='bbox 1127 905 1257 978; x_wconf 76' lang='lat' dir='ltr'><strong>leodi·</strong></span> 
     </span>
     <span class='ocr_line' id='line_1_6' title="bbox 179 1020 1257 1120; baseline 0 -26"><span class='ocrx_word' id='word_1_31' title='bbox 179 1024 307 1112; x_wconf 88' lang='lat' dir='ltr'><strong>censi,</strong></span> <span class='ocrx_word' id='word_1_32' title='bbox 328 1023 477 1095; x_wconf 91' lang='lat' dir='ltr'><strong>domino</strong></span> <span class='ocrx_word' id='word_1_33' title='bbox 494 1047 577 1110; x_wconf 90' lang='lat' dir='ltr'><strong>suo,</strong></span> <span class='ocrx_word' id='word_1_34' title='bbox 596 1021 802 1111; x_wconf 81' lang='lat' dir='ltr'><strong>invadiavit,</strong></span> <span class='ocrx_word' id='word_1_35' title='bbox 820 1037 855 1093; x_wconf 89' lang='lat' dir='ltr'><strong>et</strong></span> <span class='ocrx_word' id='word_1_36' title='bbox 873 1020 919 1093; x_wconf 89' lang='lat' dir='ltr'><strong>ab</strong></span> <span class='ocrx_word' id='word_1_37' title='bbox 933 1045 977 1093; x_wconf 92' lang='lat' dir='ltr'><strong>eo</strong></span> <span class='ocrx_word' id='word_1_38' title='bbox 991 1036 1128 1120; x_wconf 84' lang='lat' dir='ltr'><strong>septem</strong></span> <span class='ocrx_word' id='word_1_39' title='bbox 1147 1021 1257 1095; x_wconf 90' lang='lat' dir='ltr'><strong>millia</strong></span> 
     </span>
     <span class='ocr_line' id='line_1_7' title="bbox 192 1136 1257 1237; baseline 0.001 -26"><span class='ocrx_word' id='word_1_40' title='bbox 192 1162 331 1211; x_wconf 87' lang='lat' dir='ltr'><strong>marcos</strong></span> <span class='ocrx_word' id='word_1_41' title='bbox 348 1140 484 1235; x_wconf 81' lang='lat' dir='ltr'><strong>argenti</strong></span> <span class='ocrx_word' id='word_1_42' title='bbox 501 1139 633 1237; x_wconf 91' lang='lat' dir='ltr'><strong>recepit</strong></span> <span class='ocrx_word' id='word_1_43' title='bbox 649 1138 717 1234; x_wconf 83' lang='lat' dir='ltr'><strong>(l).</strong></span> <span class='ocrx_word' id='word_1_44' title='bbox 739 1139 796 1209; x_wconf 89' lang='lat' dir='ltr'><strong>Sic</strong></span> <span class='ocrx_word' id='word_1_45' title='bbox 816 1136 874 1209; x_wconf 90' lang='lat' dir='ltr'><strong>alii</strong></span> <span class='ocrx_word' id='word_1_46' title='bbox 890 1137 1023 1235; x_wconf 89' lang='lat' dir='ltr'><strong>plures,</strong></span> <span class='ocrx_word' id='word_1_47' title='bbox 1041 1137 1203 1235; x_wconf 82' lang='lat' dir='ltr'><strong>opulenti</strong></span> <span class='ocrx_word' id='word_1_48' title='bbox 1221 1155 1257 1212; x_wconf 92' lang='lat' dir='ltr'><strong>et</strong></span> 
     </span>
     <span class='ocr_line' id='line_1_8' title="bbox 190 1253 1257 1353; baseline 0.001 -27"><span class='ocrx_word' id='word_1_49' title='bbox 190 1278 378 1353; x_wconf 75' lang='lat' dir='ltr'><strong>paupereS,</strong></span> <span class='ocrx_word' id='word_1_50' title='bbox 392 1253 523 1353; x_wconf 80' lang='lat' dir='ltr'><strong>praedia</strong></span> <span class='ocrx_word' id='word_1_51' title='bbox 534 1253 765 1350; x_wconf 85' lang='lat' dir='ltr'><strong>redditusque</strong></span> <span class='ocrx_word' id='word_1_52' title='bbox 779 1278 863 1326; x_wconf 90' lang='lat' dir='ltr'><strong>suos</strong></span> <span class='ocrx_word' id='word_1_53' title='bbox 872 1253 1121 1342; x_wconf 83' lang='lat' dir='ltr'><strong>distraxerunt,</strong></span> <span class='ocrx_word' id='word_1_54' title='bbox 1138 1277 1180 1325; x_wconf 88' lang='lat' dir='ltr'><strong>ac</strong></span> <span class='ocrx_word' id='word_1_55' title='bbox 1191 1279 1257 1353; x_wconf 92' lang='lat' dir='ltr'><strong>pe·</strong></span> 
     </span>
     <span class='ocr_line' id='line_1_9' title="bbox 191 1372 1252 1470; baseline 0 -25"><span class='ocrx_word' id='word_1_56' title='bbox 191 1374 333 1446; x_wconf 89' lang='lat' dir='ltr'><strong>cuniam</strong></span> <span class='ocrx_word' id='word_1_57' title='bbox 347 1373 395 1447; x_wconf 92' lang='lat' dir='ltr'><strong>ad</strong></span> <span class='ocrx_word' id='word_1_58' title='bbox 406 1372 605 1445; x_wconf 90' lang='lat' dir='ltr'><strong>ineundum</strong></span> <span class='ocrx_word' id='word_1_59' title='bbox 616 1374 682 1445; x_wconf 91' lang='lat' dir='ltr'><strong>iter</strong></span> <span class='ocrx_word' id='word_1_60' title='bbox 698 1373 735 1443; x_wconf 93' lang='lat' dir='ltr'><strong>in</strong></span> <span class='ocrx_word' id='word_1_61' title='bbox 749 1372 940 1444; x_wconf 77' lang='lat' dir='ltr'><strong>Ierusalem</strong></span> <span class='ocrx_word' id='word_1_62' title='bbox 957 1387 1252 1470; x_wconf 89' lang='lat' dir='ltr'><strong>procuraverunt.</strong></span> 
     </span>
    </p>

    <p class='ocr_par' dir='ltr' id='par_1_4' title="bbox 142 1487 1257 3905">
     <span class='ocr_line' id='line_1_10' title="bbox 239 1487 1256 1586; baseline -0.001 -27"><span class='ocrx_word' id='word_1_63' title='bbox 239 1491 299 1559; x_wconf 90' lang='lat' dir='ltr'><strong>lV.</strong></span> <span class='ocrx_word' id='word_1_64' title='bbox 317 1487 517 1561; x_wconf 83' lang='lat' dir='ltr'><strong>Rodbertus</strong></span> <span class='ocrx_word' id='word_1_65' title='bbox 531 1514 677 1586; x_wconf 90' lang='lat' dir='ltr'><strong>quoque</strong></span> <span class='ocrx_word' id='word_1_66' title='bbox 689 1492 760 1574; x_wconf 76' lang='lat'><strong>11⁰⁸,</strong></span> <span class='ocrx_word' id='word_1_67' title='bbox 779 1487 851 1559; x_wconf 84' lang='lat' dir='ltr'><strong>dux</strong></span> <span class='ocrx_word' id='word_1_68' title='bbox 868 1491 1176 1576; x_wconf 90' lang='lat' dir='ltr'><strong>Normannorum,</strong></span> <span class='ocrx_word' id='word_1_69' title='bbox 1192 1488 1256 1586; x_wconf 92' lang='lat' dir='ltr'><strong>qui</strong></span> 
     </span>
     <span class='ocr_line' id='line_1_11' title="bbox 190 1605 1255 1702; baseline -0.002 -26"><span class='ocrx_word' id='word_1_70' title='bbox 190 1607 426 1676; x_wconf 85' lang='lat' dir='ltr'><strong>Curta-Ocrea</strong></span> <span class='ocrx_word' id='word_1_71' title='bbox 450 1605 575 1701; x_wconf 91' lang='lat' dir='ltr'><strong>jocose</strong></span> <span class='ocrx_word' id='word_1_72' title='bbox 603 1605 877 1702; x_wconf 88' lang='lat' dir='ltr'><strong>cognominatus</strong></span> <span class='ocrx_word' id='word_1_73' title='bbox 898 1619 965 1693; x_wconf 89' lang='lat' dir='ltr'><strong>est,</strong></span> <span class='ocrx_word' id='word_1_74' title='bbox 985 1619 1100 1675; x_wconf 91' lang='lat' dir='ltr'><strong>totam</strong></span> <span class='ocrx_word' id='word_1_75' title='bbox 1124 1619 1255 1676; x_wconf 88' lang='lat' dir='ltr'><strong>terram</strong></span> 
     </span>
     <span class='ocr_line' id='line_1_12' title="bbox 190 1718 1256 1818; baseline -0.002 -27"><span class='ocrx_word' id='word_1_76' title='bbox 190 1744 305 1809; x_wconf 85' lang='lat' dir='ltr'><strong>suam,</strong></span> <span class='ocrx_word' id='word_1_77' title='bbox 325 1745 437 1817; x_wconf 90' lang='lat' dir='ltr'><strong>usque</strong></span> <span class='ocrx_word' id='word_1_78' title='bbox 457 1719 504 1793; x_wconf 89' lang='lat' dir='ltr'><strong>ad</strong></span> <span class='ocrx_word' id='word_1_79' title='bbox 517 1721 677 1818; x_wconf 90' lang='lat' dir='ltr'><strong>quinque</strong></span> <span class='ocrx_word' id='word_1_80' title='bbox 694 1744 823 1809; x_wconf 91' lang='lat' dir='ltr'><strong>annos,</strong></span> <span class='ocrx_word' id='word_1_81' title='bbox 841 1718 1033 1793; x_wconf 87' lang='lat' dir='ltr'><strong>Guillelmo</strong></span> <span class='ocrx_word' id='word_1_82' title='bbox 1046 1720 1137 1816; x_wconf 88' lang='lat' dir='ltr'><strong>regi,</strong></span> <span class='ocrx_word' id='word_1_83' title='bbox 1158 1719 1256 1790; x_wconf 79' lang='lat' dir='ltr'><strong>fratri</strong></span> 
     </span>
     <span class='ocr_line' id='line_1_13' title="bbox 190 1833 1257 1934; baseline -0.001 -28"><span class='ocrx_word' id='word_1_84' title='bbox 190 1860 270 1924; x_wconf 90' lang='lat' dir='ltr'><strong>suo,</strong></span> <span class='ocrx_word' id='word_1_85' title='bbox 283 1834 429 1926; x_wconf 87' lang='lat' dir='ltr'><strong>dimisit,</strong></span> <span class='ocrx_word' id='word_1_86' title='bbox 442 1852 477 1907; x_wconf 91' lang='lat' dir='ltr'><strong>et</strong></span> <span class='ocrx_word' id='word_1_87' title='bbox 489 1836 615 1908; x_wconf 89' lang='lat' dir='ltr'><strong>decem</strong></span> <span class='ocrx_word' id='word_1_88' title='bbox 627 1835 737 1908; x_wconf 92' lang='lat' dir='ltr'><strong>millia</strong></span> <span class='ocrx_word' id='word_1_89' title='bbox 749 1861 888 1908; x_wconf 88' lang='lat' dir='ltr'><strong>marcos</strong></span> <span class='ocrx_word' id='word_1_90' title='bbox 897 1836 1046 1933; x_wconf 85' lang='lat' dir='ltr'><strong>argenti,</strong></span> <span class='ocrx_word' id='word_1_91' title='bbox 1059 1833 1106 1907; x_wconf 85' lang='lat' dir='ltr'><strong>ad</strong></span> <span class='ocrx_word' id='word_1_92' title='bbox 1115 1834 1257 1934; x_wconf 83' lang='lat' dir='ltr'><strong>expleu-</strong></span> 
     </span>
     <span class='ocr_line' id='line_1_14' title="bbox 189 1947 1256 2049; baseline -0.001 -28"><span class='ocrx_word' id='word_1_93' title='bbox 189 1947 1256 2049; x_wconf 84' lang='lat' dir='ltr'><strong>damperegrinationemcupitam‚abecacoepit.Guillelmus</strong></span> 
     </span>
     <span class='ocr_line' id='line_1_15' title="bbox 190 2048 1255 2163; baseline 0 -29"><span class='ocrx_word' id='word_1_94' title='bbox 190 2076 310 2135; x_wconf 90' lang='lat' dir='ltr'><strong>autem</strong></span> <span class='ocrx_word' id='word_1_95' title='bbox 323 2089 399 2153; x_wconf 87' lang='lat' dir='ltr'><strong>rex,</strong></span> <span class='ocrx_word' id='word_1_96' title='bbox 412 2089 512 2137; x_wconf 88' lang='lat' dir='ltr'><strong>nono</strong></span> <span class='ocrx_word' id='word_1_97' title='bbox 525 2088 622 2137; x_wconf 88' lang='lat' dir='ltr'><strong>anno</strong></span> <span class='ocrx_word' id='word_1_98' title='bbox 637 2090 679 2137; x_wconf 88' lang='lat' dir='ltr'><strong>ex</strong></span> <span class='ocrx_word' id='word_1_99' title='bbox 698 2048 771 2163; x_wconf 91' lang='lat' dir='ltr'><strong>quo</strong></span> <span class='ocrx_word' id='word_1_100' title='bbox 790 2067 962 2162; x_wconf 91' lang='lat' dir='ltr'><strong>regnavit,</strong></span> <span class='ocrx_word' id='word_1_101' title='bbox 978 2065 1164 2136; x_wconf 85' lang='lat' dir='ltr'><strong>exhaurire</strong></span> <span class='ocrx_word' id='word_1_102' title='bbox 1178 2062 1255 2135; x_wconf 90' lang='lat' dir='ltr'><strong>the·</strong></span> 
     </span>
     <span class='ocr_line' id='line_1_16' title="bbox 142 2179 1252 2278; baseline 0 -28"><span class='ocrx_word' id='word_1_103' title='bbox 142 2202 146 2210; x_wconf 91' lang='lat'>·</span> <span class='ocrx_word' id='word_1_104' title='bbox 190 2201 314 2251; x_wconf 70' lang='lat' dir='ltr'><strong>mutos</strong></span> <span class='ocrx_word' id='word_1_105' title='bbox 325 2203 409 2252; x_wconf 78' lang='lat' dir='ltr'><strong>tuos</strong></span> <span class='ocrx_word' id='word_1_106' title='bbox 424 2180 565 2272; x_wconf 90' lang='lat' dir='ltr'><strong>nolens,</strong></span> <span class='ocrx_word' id='word_1_107' title='bbox 581 2195 794 2254; x_wconf 89' lang='lat' dir='ltr'><strong>ornamenta</strong></span> <span class='ocrx_word' id='word_1_108' title='bbox 805 2179 1035 2252; x_wconf 87' lang='lat' dir='ltr'><strong>ecclesiarum</strong></span> <span class='ocrx_word' id='word_1_109' title='bbox 1048 2180 1252 2278; x_wconf 85' lang='lat' dir='ltr'><strong>expoliavit,</strong></span> 
     </span>
     <span class='ocr_line' id='line_1_17' title="bbox 190 2294 1256 2395; baseline 0.002 -30"><span class='ocrx_word' id='word_1_110' title='bbox 190 2316 269 2390; x_wconf 80' lang='lat' dir='ltr'><strong>quae</strong></span> <span class='ocrx_word' id='word_1_111' title='bbox 282 2294 439 2367; x_wconf 82' lang='lat' dir='ltr'><strong>stttdiosa</strong></span> <span class='ocrx_word' id='word_1_112' title='bbox 453 2297 653 2395; x_wconf 85' lang='lat' dir='ltr'><strong>priscorum</strong></span> <span class='ocrx_word' id='word_1_113' title='bbox 666 2294 907 2369; x_wconf 89' lang='lat' dir='ltr'><strong>benivolentia</strong></span> <span class='ocrx_word' id='word_1_114' title='bbox 919 2318 1043 2392; x_wconf 86' lang='lat' dir='ltr'><strong>regum</strong></span> <span class='ocrx_word' id='word_1_115' title='bbox 1057 2309 1093 2367; x_wconf 89' lang='lat' dir='ltr'><strong>et</strong></span> <span class='ocrx_word' id='word_1_116' title='bbox 1106 2295 1256 2394; x_wconf 89' lang='lat' dir='ltr'><strong>optima·</strong></span> 
     </span>
     <span class='ocr_line' id='line_1_18' title="bbox 190 2410 1256 2510; baseline 0.001 -29"><span class='ocrx_word' id='word_1_117' title='bbox 190 2424 268 2481; x_wconf 87' lang='lat' dir='ltr'><strong>turn</strong></span> <span class='ocrx_word' id='word_1_118' title='bbox 278 2434 367 2484; x_wconf 83' lang='lat' dir='ltr'><strong>auro</strong></span> <span class='ocrx_word' id='word_1_119' title='bbox 380 2426 414 2483; x_wconf 91' lang='lat' dir='ltr'><strong>et</strong></span> <span class='ocrx_word' id='word_1_120' title='bbox 426 2427 586 2510; x_wconf 87' lang='lat' dir='ltr'><strong>argento,</strong></span> <span class='ocrx_word' id='word_1_121' title='bbox 600 2414 819 2510; x_wconf 88' lang='lat' dir='ltr'><strong>gemmisque</strong></span> <span class='ocrx_word' id='word_1_122' title='bbox 829 2426 974 2502; x_wconf 85' lang='lat' dir='ltr'><strong>texerat,</strong></span> <span class='ocrx_word' id='word_1_123' title='bbox 987 2435 1042 2501; x_wconf 89' lang='lat' dir='ltr'><strong>ac,</strong></span> <span class='ocrx_word' id='word_1_124' title='bbox 1054 2410 1101 2483; x_wconf 90' lang='lat' dir='ltr'><strong>ad</strong></span> <span class='ocrx_word' id='word_1_125' title='bbox 1109 2410 1256 2482; x_wconf 88' lang='lat' dir='ltr'><strong>laudem</strong></span> 
     </span>
     <span class='ocr_line' id='line_1_19' title="bbox 189 2524 1255 2626; baseline -0.003 -27"><span class='ocrx_word' id='word_1_126' title='bbox 189 2526 277 2615; x_wconf 82' lang='lat' dir='ltr'><strong>Dei,</strong></span> <span class='ocrx_word' id='word_1_127' title='bbox 298 2528 581 2626; x_wconf 84' lang='lat' dir='ltr'><strong>memoriamque</strong></span> <span class='ocrx_word' id='word_1_128' title='bbox 605 2530 677 2616; x_wconf 86' lang='lat' dir='ltr'><strong>sui,</strong></span> <span class='ocrx_word' id='word_1_129' title='bbox 707 2542 837 2600; x_wconf 88' lang='lat' dir='ltr'><strong>sanctae</strong></span> <span class='ocrx_word' id='word_1_130' title='bbox 860 2527 965 2599; x_wconf 89' lang='lat' dir='ltr'><strong>matri</strong></span> <span class='ocrx_word' id='word_1_131' title='bbox 983 2527 1146 2598; x_wconf 86' lang='lat' dir='ltr'><strong>Ecclesiae</strong></span> <span class='ocrx_word' id='word_1_132' title='bbox 1168 2524 1255 2597; x_wconf 90' lang='lat' dir='ltr'><strong>reli-</strong></span> 
     </span>
     <span class='ocr_line' id='line_1_20' title="bbox 189 2640 1252 2741; baseline -0.005 -24"><span class='ocrx_word' id='word_1_133' title='bbox 189 2654 327 2738; x_wconf 83' lang='lat' dir='ltr'><strong>querat.</strong></span> <span class='ocrx_word' id='word_1_134' title='bbox 337 2644 458 2714; x_wconf 82' lang='lat' dir='ltr'><strong>Mense</strong></span> <span class='ocrx_word' id='word_1_135' title='bbox 466 2640 1252 2741; x_wconf 86' lang='lat' dir='ltr'><strong>septembri,Guillelrnusmaretranslretavit,</strong></span> 
     </span>
     <span class='ocr_line' id='line_1_21' title="bbox 189 2755 1250 2857; baseline -0.003 -29"><span class='ocrx_word' id='word_1_136' title='bbox 189 2755 342 2854; x_wconf 80' lang='lat' dir='ltr'><strong>dataque</strong></span> <span class='ocrx_word' id='word_1_137' title='bbox 365 2759 516 2857; x_wconf 90' lang='lat' dir='ltr'><strong>pecunia</strong></span> <span class='ocrx_word' id='word_1_138' title='bbox 535 2760 734 2831; x_wconf 90' lang='lat' dir='ltr'><strong>Neustriam</strong></span> <span class='ocrx_word' id='word_1_139' title='bbox 751 2758 903 2857; x_wconf 88' lang='lat' dir='ltr'><strong>recepit,</strong></span> <span class='ocrx_word' id='word_1_140' title='bbox 931 2772 967 2828; x_wconf 89' lang='lat' dir='ltr'><strong>et</strong></span> <span class='ocrx_word' id='word_1_141' title='bbox 986 2758 1058 2828; x_wconf 86' lang='lat' dir='ltr'><strong>lere</strong></span> <span class='ocrx_word' id='word_1_142' title='bbox 1079 2780 1102 2823; x_wconf 89' lang='lat' dir='ltr'><strong>v</strong></span> <span class='ocrx_word' id='word_1_143' title='bbox 1119 2756 1222 2827; x_wconf 90' lang='lat' dir='ltr'><strong>annis</strong></span> <span class='ocrx_word' id='word_1_144' title='bbox 1242 2783 1250 2825; x_wconf 93' lang='lat'>:</span> 
     </span>
     <span class='ocr_line' id='line_1_22' title="bbox 190 2870 1251 2965; baseline -0.002 -24"><span class='ocrx_word' id='word_1_145' title='bbox 190 2873 289 2942; x_wconf 90' lang='lat' dir='ltr'><strong>omni</strong></span> <span class='ocrx_word' id='word_1_146' title='bbox 306 2873 436 2946; x_wconf 91' lang='lat' dir='ltr'><strong>scilicet</strong></span> <span class='ocrx_word' id='word_1_147' title='bbox 450 2875 519 2946; x_wconf 90' lang='lat' dir='ltr'><strong>vita</strong></span> <span class='ocrx_word' id='word_1_148' title='bbox 532 2899 608 2965; x_wconf 88' lang='lat' dir='ltr'><strong>sua,</strong></span> <span class='ocrx_word' id='word_1_149' title='bbox 628 2874 765 2947; x_wconf 81' lang='lat' dir='ltr'><strong>fortiter</strong></span> <span class='ocrx_word' id='word_1_150' title='bbox 783 2871 1016 2945; x_wconf 88' lang='lat' dir='ltr'><strong>conculcavit.</strong></span> <span class='ocrx_word' id='word_1_151' title='bbox 1037 2875 1136 2940; x_wconf 84' lang='lat' dir='ltr'><strong>Tunc</strong></span> <span class='ocrx_word' id='word_1_152' title='bbox 1154 2870 1251 2956; x_wconf 93' lang='lat' dir='ltr'><strong>Odo,</strong></span> 
     </span>
     <span class='ocr_line' id='line_1_23' title="bbox 190 2986 1251 3088; baseline -0.001 -32"><span class='ocrx_word' id='word_1_153' title='bbox 190 2987 601 3088; x_wconf 81' lang='lat' dir='ltr'><strong>Baiocensisepiscopus,</strong></span> <span class='ocrx_word' id='word_1_154' title='bbox 613 3014 697 3063; x_wconf 90' lang='lat' dir='ltr'><strong>cum</strong></span> <span class='ocrx_word' id='word_1_155' title='bbox 709 2988 890 3061; x_wconf 82' lang='lat' dir='ltr'><strong>llodberto</strong></span> <span class='ocrx_word' id='word_1_156' title='bbox 905 2986 1010 3076; x_wconf 89' lang='lat' dir='ltr'><strong>duce,</strong></span> <span class='ocrx_word' id='word_1_157' title='bbox 1023 2999 1155 3085; x_wconf 89' lang='lat' dir='ltr'><strong>nepote</strong></span> <span class='ocrx_word' id='word_1_158' title='bbox 1171 3009 1251 3074; x_wconf 91' lang='lat' dir='ltr'><strong>suo,</strong></span> 
     </span>
     <span class='ocr_line' id='line_1_24' title="bbox 189 3102 1253 3201; baseline -0.001 -28"><span class='ocrx_word' id='word_1_159' title='bbox 189 3103 434 3201; x_wconf 78' lang='lat' dir='ltr'><strong>peregrinatus</strong></span> <span class='ocrx_word' id='word_1_160' title='bbox 447 3121 512 3178; x_wconf 87' lang='lat' dir='ltr'><strong>est.</strong></span> <span class='ocrx_word' id='word_1_161' title='bbox 531 3112 663 3179; x_wconf 89' lang='lat' dir='ltr'><strong>Tantus</strong></span> <span class='ocrx_word' id='word_1_162' title='bbox 677 3107 775 3178; x_wconf 89' lang='lat' dir='ltr'><strong>enirn</strong></span> <span class='ocrx_word' id='word_1_163' title='bbox 791 3120 868 3177; x_wconf 90' lang='lat' dir='ltr'><strong>erat</strong></span> <span class='ocrx_word' id='word_1_164' title='bbox 883 3122 1013 3177; x_wconf 84' lang='lat' dir='ltr'><strong>rancor</strong></span> <span class='ocrx_word' id='word_1_165' title='bbox 1029 3102 1253 3197; x_wconf 87' lang='lat' dir='ltr'><strong>interipsum</strong></span> 
     </span>
     <span class='ocr_line' id='line_1_25' title="bbox 191 3218 1254 3321; baseline -0.005 -29"><span class='ocrx_word' id='word_1_166' title='bbox 191 3235 226 3292; x_wconf 88' lang='lat' dir='ltr'><strong>et</strong></span> <span class='ocrx_word' id='word_1_167' title='bbox 238 3244 357 3319; x_wconf 88' lang='lat' dir='ltr'><strong>regem</strong></span> <span class='ocrx_word' id='word_1_168' title='bbox 370 3246 437 3321; x_wconf 84' lang='lat' dir='ltr'><strong>pro</strong></span> <span class='ocrx_word' id='word_1_169' title='bbox 448 3225 633 3298; x_wconf 84' lang='lat' dir='ltr'><strong>transactis</strong></span> <span class='ocrx_word' id='word_1_170' title='bbox 650 3221 899 3311; x_wconf 88' lang='lat' dir='ltr'><strong>simultatibus,</strong></span> <span class='ocrx_word' id='word_1_171' title='bbox 917 3236 956 3293; x_wconf 89' lang='lat' dir='ltr'><strong>ut</strong></span> <span class='ocrx_word' id='word_1_172' title='bbox 974 3218 1176 3291; x_wconf 88' lang='lat' dir='ltr'><strong>nullatenus</strong></span> <span class='ocrx_word' id='word_1_173' title='bbox 1189 3241 1254 3317; x_wconf 88' lang='lat' dir='ltr'><strong>pa·</strong></span> 
     </span>
     <span class='ocr_line' id='line_1_26' title="bbox 190 3332 1254 3438; baseline -0.006 -29"><span class='ocrx_word' id='word_1_174' title='bbox 190 3334 322 3411; x_wconf 88' lang='lat' dir='ltr'><strong>cilicari</strong></span> <span class='ocrx_word' id='word_1_175' title='bbox 338 3353 486 3438; x_wconf 89' lang='lat' dir='ltr'><strong>possent</strong></span> <span class='ocrx_word' id='word_1_176' title='bbox 505 3338 551 3412; x_wconf 89' lang='lat' dir='ltr'><strong>ab</strong></span> <span class='ocrx_word' id='word_1_177' title='bbox 568 3339 648 3412; x_wconf 91' lang='lat' dir='ltr'><strong>ullis</strong></span> <span class='ocrx_word' id='word_1_178' title='bbox 661 3336 968 3412; x_wconf 82' lang='lat' dir='ltr'><strong>caduceatoribus.</strong></span> <span class='ocrx_word' id='word_1_179' title='bbox 987 3339 1060 3407; x_wconf 83' lang='lat' dir='ltr'><strong>Rex</strong></span> <span class='ocrx_word' id='word_1_180' title='bbox 1075 3332 1254 3431; x_wconf 91' lang='lat' dir='ltr'><strong>siquidem</strong></span> 
     </span>
     <span class='ocr_line' id='line_1_27' title="bbox 190 3449 1251 3555; baseline -0.008 -28"><span class='ocrx_word' id='word_1_181' title='bbox 190 3455 437 3555; x_wconf 75' lang='lat' dir='ltr'><strong>magnanimus</strong></span> <span class='ocrx_word' id='word_1_182' title='bbox 461 3469 497 3528; x_wconf 88' lang='lat' dir='ltr'><strong>et</strong></span> <span class='ocrx_word' id='word_1_183' title='bbox 517 3455 711 3528; x_wconf 83' lang='lat' dir='ltr'><strong>iracundus</strong></span> <span class='ocrx_word' id='word_1_184' title='bbox 739 3469 775 3527; x_wconf 91' lang='lat' dir='ltr'><strong>et</strong></span> <span class='ocrx_word' id='word_1_185' title='bbox 794 3453 926 3526; x_wconf 87' lang='lat' dir='ltr'><strong>tenacis</strong></span> <span class='ocrx_word' id='word_1_186' title='bbox 950 3465 1025 3524; x_wconf 88' lang='lat' dir='ltr'><strong>erat</strong></span> <span class='ocrx_word' id='word_1_187' title='bbox 1046 3449 1251 3538; x_wconf 73' lang='lat' dir='ltr'><strong>memoriae,</strong></span> 
     </span>
     <span class='ocr_line' id='line_1_28' title="bbox 190 3558 1255 3685; baseline -0.008 -41"><span class='ocrx_word' id='word_1_188' title='bbox 190 3558 450 3685; x_wconf 33' lang='lat' dir='ltr'><strong>,neewlnju&#39;riam</strong></span> <span class='ocrx_word' id='word_1_189' title='bbox 473 3570 614 3645; x_wconf 90' lang='lat' dir='ltr'><strong>sibimet</strong></span> <span class='ocrx_word' id='word_1_190' title='bbox 643 3572 834 3670; x_wconf 87' lang='lat' dir='ltr'><strong>irrogatam</strong></span> <span class='ocrx_word' id='word_1_191' title='bbox 862 3568 962 3641; x_wconf 78' lang='lat' dir='ltr'><strong>facile</strong></span> <span class='ocrx_word' id='word_1_192' title='bbox 978 3563 1255 3637; x_wconf 88' lang='lat' dir='ltr'><strong>obliviscebatur</strong></span> 
     </span>
     <span class='ocr_line' id='line_1_29' title="bbox 189 3652 1254 3787; baseline -0.01 -27"><span class='ocrx_word' id='word_1_193' title='bbox 189 3652 431 3787; x_wconf 27' lang='lat' dir='ltr'><strong>{be-ultione.</strong></span> <span class='ocrx_word' id='word_1_194' title='bbox 446 3687 619 3762; x_wconf 85' lang='lat' dir='ltr'><strong>&#39;lumidus</strong></span> <span class='ocrx_word' id='word_1_195' title='bbox 630 3688 801 3761; x_wconf 89' lang='lat' dir='ltr'><strong>nimirum</strong></span> <span class='ocrx_word' id='word_1_196' title='bbox 811 3686 977 3785; x_wconf 86' lang='lat' dir='ltr'><strong>princeps</strong></span> <span class='ocrx_word' id='word_1_197' title='bbox 990 3680 1118 3754; x_wconf 89' lang='lat' dir='ltr'><strong>acerbe</strong></span> <span class='ocrx_word' id='word_1_198' title='bbox 1132 3704 1254 3751; x_wconf 90' lang='lat' dir='ltr'><strong>secum</strong></span> 
     </span>
     <span class='ocr_line' id='line_1_30' title="bbox 189 3788 1255 3905; baseline -0.012 -25"><span class='ocrx_word' id='word_1_199' title='bbox 189 3788 371 3878; x_wconf 71' lang='lat' dir='ltr'><strong>incolebu</strong></span> <span class='ocrx_word' id='word_1_200' title='bbox 382 3804 483 3903; x_wconf 90' lang='lat' dir='ltr'><strong>quod</strong></span> <span class='ocrx_word' id='word_1_201' title='bbox 501 3803 583 3878; x_wconf 94' lang='lat' dir='ltr'><strong>Odo</strong></span> <span class='ocrx_word' id='word_1_202' title='bbox 599 3801 742 3905; x_wconf 74' lang='lat' dir='ltr'><strong>praesul,</strong></span> <span class='ocrx_word' id='word_1_203' title='bbox 760 3801 823 3897; x_wconf 89' lang='lat' dir='ltr'><strong>qui</strong></span> <span class='ocrx_word' id='word_1_204' title='bbox 841 3813 988 3898; x_wconf 90' lang='lat' dir='ltr'><strong>patruus</strong></span> <span class='ocrx_word' id='word_1_205' title='bbox 1004 3821 1088 3869; x_wconf 90' lang='lat' dir='ltr'><strong>suus</strong></span> <span class='ocrx_word' id='word_1_206' title='bbox 1106 3809 1194 3883; x_wconf 89' lang='lat' dir='ltr'><strong>erat,</strong></span> <span class='ocrx_word' id='word_1_207' title='bbox 1216 3795 1255 3867; x_wconf 87' lang='lat' dir='ltr'><strong>in</strong></span> 
     </span>
    </p>
   </div>
   <div class='ocr_carea' id='block_1_3' title="bbox 198 3991 1253 4160">
    <p class='ocr_par' dir='ltr' id='par_1_5' title="bbox 198 3991 1253 4160">
     <span class='ocr_line' id='line_1_31' title="bbox 198 3991 1252 4069; baseline -0.019 -4"><span class='ocrx_word' id='word_1_208' title='bbox 198 3996 419 4063; x_wconf 48' lang='grc' dir='ltr'><strong>’ΝΜ</strong></span> <span class='ocrx_word' id='word_1_209' title='bbox 427 4002 465 4061; x_wconf 81' lang='lat' dir='ltr'><strong>de</strong></span> <span class='ocrx_word' id='word_1_210' title='bbox 475 4002 606 4061; x_wconf 82' lang='lat' dir='ltr'><strong>Bouillon</strong></span> <span class='ocrx_word' id='word_1_211' title='bbox 615 4002 659 4058; x_wconf 80' lang='lat' dir='ltr'><strong>n’a</strong></span> <span class='ocrx_word' id='word_1_212' title='bbox 669 3998 700 4055; x_wconf 91' lang='lat' dir='ltr'><strong>ni</strong></span> <span class='ocrx_word' id='word_1_213' title='bbox 708 3997 817 4069; x_wconf 76' lang='lat' dir='ltr'><strong>engage</strong></span> <span class='ocrx_word' id='word_1_214' title='bbox 825 3995 854 4049; x_wconf 87' lang='lat' dir='ltr'><strong>ui</strong></span> <span class='ocrx_word' id='word_1_215' title='bbox 865 3992 966 4062; x_wconf 82' lang='lat' dir='ltr'><strong>vendo,</strong></span> <span class='ocrx_word' id='word_1_216' title='bbox 977 4011 1084 4050; x_wconf 88' lang='lat' dir='ltr'><strong>comme</strong></span> <span class='ocrx_word' id='word_1_217' title='bbox 1094 4011 1131 4046; x_wconf 91' lang='lat' dir='ltr'><strong>on</strong></span> <span class='ocrx_word' id='word_1_218' title='bbox 1144 3991 1178 4047; x_wconf 90' lang='lat' dir='ltr'><strong>l&#39;a</strong></span> <span class='ocrx_word' id='word_1_219' title='bbox 1189 4002 1252 4064; x_wconf 82' lang='lat' dir='ltr'><strong>trop</strong></span> 
     </span>
     <span class='ocr_line' id='line_1_32' title="bbox 504 4082 1253 4160; baseline -0.017 -15"><span class='ocrx_word' id='word_1_220' title='bbox 504 4091 534 4145; x_wconf 75' lang='lat' dir='ltr'><strong>&#39;u</strong></span> <span class='ocrx_word' id='word_1_221' title='bbox 549 4087 695 4160; x_wconf 78' lang='lat' dir='ltr'><strong>Bouisson,</strong></span> <span class='ocrx_word' id='word_1_222' title='bbox 712 4083 762 4158; x_wconf 88' lang='lat' dir='ltr'><strong>qui</strong></span> <span class='ocrx_word' id='word_1_223' title='bbox 780 4082 955 4154; x_wconf 80' lang='lat' dir='ltr'><strong>appartenait</strong></span> <span class='ocrx_word' id='word_1_224' title='bbox 972 4084 988 4137; x_wconf 78' lang='lat' dir='ltr'><strong>l</strong></span> <span class='ocrx_word' id='word_1_225' title='bbox 1004 4099 1033 4136; x_wconf 87' lang='lat' dir='ltr'><strong>sa</strong></span> <span class='ocrx_word' id='word_1_226' title='bbox 1051 4082 1142 4147; x_wconf 72' lang='lat' dir='ltr'><strong>mere,</strong></span> <span class='ocrx_word' id='word_1_227' title='bbox 1161 4090 1253 4137; x_wconf 86' lang='lat' dir='ltr'><strong>morte</strong></span> 
     </span>
    </p>
   </div>
   <div class='ocr_carea' id='block_1_4' title="bbox 0 0 1448 4934">
    <p class='ocr_par' dir='ltr' id='par_1_6' title="bbox 0 0 1448 4934">
     <span class='ocr_line' id='line_1_33' title="bbox 0 0 1448 4934; baseline 0 1"><span class='ocrx_word' id='word_1_228' title='bbox 0 0 1448 4934; x_wconf 95' lang='lat' dir='ltr'><strong> </strong></span> 
     </span>
    </p>
   </div>
  </div>
 </body>
</html>
