2888 4934
189 435 297 510 [rior]
555 428 672 490 traua
693 430 878 492 ructuas.
1188 434 1246 494 rar

187 565 336 648 nabent,
348 565 569 662 eripuerunt.
581 563 812 639 Sublimiores
825 580 958 655 nmen,
970 591 1062 664 quos
1077 566 1247 639 Ascalone

186 680 441 778 praemiserant,
460 679 590 778 perditi
604 695 699 768 sunt,
719 703 786 752 nec
807 676 917 755 ullam
933 681 1183 754 certitudinem
1200 681 1249 754 de

187 795 267 885 illis,
280 797 631 894 praeterllarpinum,
646 796 852 893 rumigeruli
864 797 968 868 nobis
978 799 1242 870 intimaverunt.

187 910 244 982 Sic
252 910 634 1001 nimirumeristiani‚
644 927 727 1011 post
738 911 871 983 multos
878 936 1042 1008 angores,
1054 913 1090 982 in
1100 914 1246 984 nominc

188 1027 318 1100 Christi
336 1027 613 1126 triumpharunt,
635 1044 764 1101 etcum
781 1028 900 1101 multis
917 1029 1111 1101 Gentilium
1126 1052 1248 1102 manu-

186 1142 252 1215 biis
269 1144 308 1215 in
322 1143 513 1215 Ierusalem
528 1144 723 1233 redierunt,
743 1143 882 1240 laetique
903 1143 1153 1241 triumphatori
1169 1148 1246 1216 Deo

187 1261 315 1358 gratias
334 1275 494 1357 egerunt.
513 1259 650 1332 Deinde
664 1260 850 1332 llamulam
866 1261 904 1332 in
920 1260 1118 1352 meliorem,
1138 1284 1247 1358 quam

187 1375 321 1466 luerat,
342 1389 474 1447 statum
494 1390 800 1464 restauraverunt,
819 1390 855 1448 et
867 1376 1105 1475 episcopalem
1127 1376 1248 1448 cathe-

187 1490 290 1563 dram
302 1515 387 1562 cum
398 1489 595 1563 redditibus
605 1490 744 1563 idoneis
756 1493 792 1562 iu
807 1494 953 1564 nomine
962 1493 1109 1563 Domini
1118 1490 1248 1564 devote

187 1621 419 1678 renovarunt.
442 1606 713 1678 Interfectorum
740 1622 878 1680 eertum
901 1632 1090 1678 numerum
1116 1606 1249 1677 chartae

189 1723 306 1794 nescio
325 1720 483 1813 tradas,
497 1723 582 1823 quia
601 1747 676 1793 non
694 1722 847 1794 interlui.
875 1722 928 1791 llli
945 1747 1043 1809 vero,
1062 1722 1124 1818 qui
1142 1724 1249 1793 inter·

188 1837 349 1927 luerunt,
369 1860 444 1909 non
458 1858 666 1927 numerare,
683 1838 747 1912 sed
768 1840 947 1912 trucidare
962 1854 1196 1929 curaverunt,
1213 1853 1249 1910 et

189 1951 413 2051 repedantes,
434 1953 560 2025 occisis
576 1953 689 2051 spolia
703 1953 932 2025 detraxerunt
946 1955 977 2049 (l
988 1954 1014 2048 ).

231 2072 342 2138 XXll.
359 2069 538 2166 Harpinus
552 2068 778 2141 Biturieensis
791 2070 952 2167 captivus
965 2071 1002 2140 in
1016 2068 1249 2164 Babyloniam

188 2183 314 2257 ductus
325 2199 391 2272 est,
408 2184 528 2282 ibique
543 2183 663 2255 multis
676 2184 802 2258 diebus
813 2186 850 2256 in
866 2210 1009 2256 carcere
1024 2182 1249 2255 Admirabilis

188 2296 353 2370 detentus
368 2312 434 2370 est.
450 2302 646 2396 Martyrum
659 2300 792 2396 itaque,
806 2301 867 2395 qui
881 2324 948 2397 pro
961 2298 1090 2370 Christi
1103 2299 1250 2369 nomine

188 2411 397 2483 innumeros
410 2435 543 2509 agones
557 2437 671 2510 usque
684 2412 731 2484 ad
748 2427 901 2484 mortem
918 2412 1153 2511 pertulerunt,
1170 2436 1250 2483 me-

189 2550 280 2616 mor,
304 2529 422 2628 ipsum
440 2554 532 2627 saepe
550 2530 749 2619 invocavit,
777 2543 814 2600 et
836 2528 882 2600 ab
900 2530 979 2627 ipso
1005 2528 1249 2614 confortatus,

189 2644 415 2742 pristimque
430 2644 582 2717 libertati
600 2648 794 2734 restitutus,
814 2644 962 2716 devotas
978 2643 1026 2714 illi
1038 2658 1152 2740 grates
1164 2641 1251 2713 red-

191 2758 292 2832 didit.
311 2760 440 2833 Modus
460 2775 580 2832 autem
602 2760 821 2833 liberationis
844 2761 920 2856 ejus
941 2760 1007 2830 luit
1028 2754 1248 2853 hujusmodi.

192 2876 346 2948 bizantei
371 2879 617 2972 negociatores
647 2902 731 2949 cum
755 2875 976 2947 multimodis
1010 2873 1252 2944 mercimoniis

220 3187 261 3260 (l)
278 3187 306 3243 Il
316 3207 336 3262 y
347 3206 362 3242 a
374 3187 443 3243 daos
455 3207 487 3244 ce
500 3191 570 3244 recit
582 3189 700 3245 nombre
714 3187 944 3243 d'inexactitudes
956 3196 984 3242 et
996 3185 1251 3241 d’anachronismes

192 3275 254 3348 qn’il
273 3276 360 3330 serait
377 3275 443 3331 bien
460 3276 527 3350 long
543 3277 579 3332 de
597 3277 711 3335 relever.
730 3276 807 3332 Nous
824 3275 931 3331 ainrons
952 3276 1046 3330 rnieux
1063 3291 1186 3346 engager
1202 3291 1253 3327 nos

192 3360 333 3419 lecteuni
344 3358 384 3420 nd
389 3365 428 3420 les
437 3377 564 3438 acceptor
576 3383 631 3439 que
640 3384 705 3421 rous
717 3363 841 3421 benefice
853 3362 1077 3428 d'inventaire,si
1090 3378 1162 3416 nous
1170 3377 1254 3415 osona

193 3450 281 3522 parler
295 3453 375 3507 ainsi.
386 3454 440 3508 Par
446 3454 582 3527 exemplo,
596 3472 627 3509 ce
638 3473 673 3510 ne
684 3455 728 3510 lut
741 3453 823 3527 point
834 3452 902 3508 dans
915 3452 1014 3507 Ranrla
1025 3469 1080 3526 que
1088 3451 1197 3522 Harpin
1210 3449 1254 3505 lut

193 3541 239 3597 tait
258 3543 429 3615 prisonuier,
444 3545 513 3598 mais
528 3547 544 3599 a
562 3542 587 3597 la
603 3542 713 3599 bataille
731 3544 817 3598 livre'e
833 3541 902 3598 dans
920 3541 945 3598 le
963 3542 1108 3614 voisinage
1126 3539 1162 3594 de
1180 3548 1253 3594 cette

192 3630 260 3687 rllle.
273 3632 351 3688 C’est
367 3632 393 3688 ld
410 3634 483 3688 aussi
499 3620 666 3707 qu’Etienrre
678 3633 713 3688 de
725 3632 799 3688 blois
813 3633 855 3688 lut
868 3635 930 3699 tue,
949 3642 978 3685 et
995 3649 1051 3685 non
1066 3647 1114 3703 pas
1126 3629 1254 3682 emmenc

193 3737 224 3775 en
236 3721 378 3794 captivite.
392 3722 432 3778 Ce
445 3741 481 3777 ne
497 3722 540 3777 sut
553 3722 634 3797 point
645 3723 672 3776 le
683 3723 749 3795 jour
764 3722 855 3777 meme
864 3721 900 3777 de
915 3720 941 3775 la
953 3721 1028 3794 prise
1042 3718 1077 3774 de
1089 3717 1186 3774 llamla
1198 3734 1254 3791 que

193 3808 228 3864 les
238 3810 370 3866 Inlidelcs
381 3814 532 3885 mouerent
544 3817 559 3868 i
570 3813 639 3869 seire
653 3812 679 3869 le
693 3815 767 3886 siege
779 3812 816 3869 de
833 3814 934 3886 loppd.
948 3812 985 3867 lls
1004 3830 1040 3867 ue
1052 3811 1181 3866 laisaient
1198 3826 1254 3883 que

193 3898 379 3974 ἠρώμην,
390 3900 485 3974 quand
497 3900 644 3958 Brudouin
653 3911 794 3975 remporta
805 3919 860 3956 une
871 3900 987 3956 victoire
998 3900 1135 3957 eclatante
1145 3916 1194 3953 snr
1202 3913 1254 3952 eux

194 4004 227 4041 atr
236 4000 478 4045 commencement
491 3990 526 4045 de
539 3990 641 4063 juillet.
660 3992 702 4045 En
719 4007 839 4055 somme,
856 4009 964 4045 comme
977 4007 1048 4046 nous
1061 4005 1163 4052 venons
1176 3985 1211 4040 de
1228 3983 1254 4038 le

195 4072 265 4144 dire,
282 4096 314 4131 ce
330 4080 401 4134 recit
417 4081 510 4135 auralt
521 4081 616 4136 besoin
629 4081 718 4136 d’etre
731 4082 857 4136 remrnie
870 4080 936 4135 d’un
953 4080 1022 4136 bont
1035 4083 1050 4134 'a
1064 4079 1176 4142 l’autre,
1191 4085 1254 4129 tout

196 4166 248 4220 mi
259 4166 332 4239 qn’il
342 4177 385 4222 eat
397 4187 433 4222 eu
446 4169 524 4224 lond.
