2888 4934
187 442 294 522 [1103]
525 437 645 497 LIBER
665 435 907 497 nantelmus,
1188 435 1242 495 tot

187 571 412 658 chinabatur,
428 571 465 641 in
482 593 610 641 manus
626 569 742 641 fratris
754 568 896 655 incidit,
920 569 1005 639 etin
1020 568 1250 664 ejuscarcere

186 687 324 787 debitas
340 710 408 784 pro
427 685 571 757 nefariis
589 686 726 757 actibus
743 708 868 782 poenas
884 683 979 775 luit(
1006 682 1033 780 )

230 807 333 881 Tunc
351 803 458 874 etiam
475 801 624 872 Goellus
642 801 857 889 Jobannem,
875 798 987 870 filiurn
1005 799 1188 898 Stephani,
1204 799 1250 870 dc

186 918 356 991 lielento
376 917 452 1014 (2),
479 916 694 1016 exploravit,
718 930 755 987 et
779 916 982 1007 venientem
1003 915 1048 986 de
1069 914 1251 1011 colloquio

187 1035 329 1107 comitis
342 1032 483 1104 domini
500 1032 572 1119 sui,
592 1031 656 1129 qui
676 1030 773 1129 apud
789 1030 1089 1102 bellummontem
1105 1031 1141 1100 in
1161 1033 1251 1100 Nor·

188 1149 336 1222 mannia
355 1146 593 1236 consistebat,
618 1145 914 1245 comprehendit,
940 1161 976 1218 ct
1002 1145 1074 1217 sere
1097 1159 1254 1242 quatuor

188 1262 372 1337 mensibus
387 1287 534 1335 avarum
551 1262 800 1334 loeneratorem
824 1261 859 1331 in
883 1286 1062 1333 carcerem
1079 1261 1249 1331 coercuit.

189 1378 292 1452 Unde
315 1380 483 1477 praelatus
502 1403 624 1451 cornes
644 1378 775 1450 obnixe
791 1377 966 1452 laboravit
985 1394 1023 1451 ut
1039 1378 1252 1476 burgensem

189 1519 315 1582 suum,
335 1495 397 1589 qui
416 1494 610 1565 ditissimus
630 1510 725 1581 erat,
751 1508 908 1583 erueret,
931 1518 998 1565 nec
1021 1519 1104 1565 eum
1122 1493 1168 1565 de
1191 1517 1254 1564 ore

191 1608 263 1709 lupi
282 1606 436 1680 liberare
459 1609 596 1707 potuit,
623 1611 688 1679 nisi
717 1609 836 1706 plures
858 1608 1026 1705 placaret.
1048 1609 1256 1704 lngeniosus

192 1749 274 1820 ergo
305 1748 427 1794 cornes
455 1724 656 1796 Rodbertus
687 1748 771 1794 curn
803 1724 1012 1812 Guillelmo,
1048 1723 1255 1796 Ebroicensi

193 1840 343 1927 comite,
362 1863 488 1936 pacem
505 1838 603 1927 iecit,
627 1855 660 1911 et
680 1838 873 1928 Amalrico,
893 1841 1016 1939 nepoti
1032 1840 1126 1935 ejus,
1146 1839 1255 1909 filiam

193 1979 311 2046 suam,
332 1980 411 2052 quae
429 1970 515 2027 tunc
540 1957 646 2026 unius
673 1954 758 2026 anni
777 1969 852 2025 erat
875 1956 951 2052 (3),
977 1955 1129 2054 pepigit,
1157 1969 1192 2025 et
1217 1955 1254 2025 in

194 2069 247 2141 illa
263 2071 460 2142 concordia
477 2069 666 2141 Radulfum
689 2068 735 2140 de
755 2070 928 2159 Conchis,
950 2085 985 2142 et
1006 2068 1253 2159 Eustachium,

194 2200 299 2282 atque
317 2184 502 2274 Goellum‚
523 2185 683 2282 aliosque
700 2183 947 2282 belligerantes
965 2184 1162 2256 marchisos
1180 2184 1255 2256 col·

194 2298 287 2396 legit.
307 2304 382 2371 Hac
401 2302 521 2397 itaque
544 2325 634 2398 pace
657 2301 764 2391 lacta,
787 2300 968 2373 lohannes
992 2299 1152 2373 redditus
1180 2314 1254 2389 est,

194 2413 341 2511 aliisque
363 2414 527 2514 pluribus
545 2417 713 2487 securitas
738 2432 773 2489 et
797 2417 967 2489 serenitas
986 2417 1083 2514 pacis
1102 2416 1258 2488 exhibita

194 2531 452 2627 osbsequenti
470 2554 567 2602 anno
586 2531 661 2626 (4),
683 2533 862 2627 geminam
882 2531 1020 2630 prolem
1038 2559 1045 2601 :
1064 2531 1258 2603 Gualeran·

194 2667 281 2715 num
298 2659 335 2716 et
353 2644 593 2734 Rodbertum,
613 2647 759 2734 Ysabel,
780 2672 872 2719 uror
890 2647 1079 2719 Mellentici
1097 2647 1255 2733 comitis,

227 2937 269 3007 (l)
286 2936 366 2992 Aion
381 2957 436 3011 que
457 2956 527 2991 nous
542 2957 645 2993 venons
662 2938 697 2993 de
717 2938 742 2992 le
761 2939 835 3007 dire,
856 2957 888 2993 ce
908 2940 1038 3011 seigneur
1051 2937 1226 3009 appartcnait
1243 2941 1259 2991 a

193 3025 323 3082 l’rilnstre
333 3026 437 3081 iamille
449 3027 485 3082 de
496 3026 628 3094 Grancei,
640 3027 689 3101 qni
702 3048 715 3082 a
728 3029 786 3100 pris
796 3045 845 3082 son
858 3046 923 3082 nom
935 3026 971 3081 de
982 3024 1259 3081 Grancei·le·Cbitel

192 3113 397 3186 (consor).
415 3115 462 3170 On
479 3115 505 3170 le
520 3115 578 3170 voit
593 3117 756 3170 mentionne
773 3133 881 3171 comme
898 3117 1004 3171 temoin
1017 3133 1054 3170 ou
1069 3116 1260 3188 couscripteur

193 3203 262 3259 dans
291 3202 431 3276 plusieurs
455 3204 565 3258 cbartcs
588 3205 851 3279 bourguignonnes,
876 3216 906 3260 et
928 3215 1103 3261 notaminent
1129 3225 1165 3261 en
1189 3208 1260 3264 4404

193 3302 223 3346 et
236 3294 321 3350 ttto.
342 3291 417 3346 Dans
438 3310 493 3347 nne
508 3303 588 3346 autre
608 3292 717 3350 charte.
736 3311 798 3347 sans
816 3294 894 3361 date,
913 3294 932 3348 it
952 3293 1101 3366 confirmo,
1118 3294 1188 3349 ainsi
1205 3312 1261 3368 que

193 3378 317 3447 Josbcrt,
330 3396 380 3434 son
393 3379 475 3451 frere,
491 3398 547 3434 une
560 3379 694 3436 donation
706 3381 773 3436 faite
786 3399 835 3454 par
851 3382 916 3438 Calo
930 3381 966 3436 de
978 3382 1146 3438 lucennaco
1160 3383 1261 3453 (Luce-

194 3467 274 3537 mi),
288 3484 340 3521 son
352 3477 432 3521 autre
444 3469 527 3522 frere.
540 3468 618 3523 Nous
630 3469 742 3524 n'avons
753 3487 802 3543 pas
816 3469 1011 3527 connaissance
1022 3469 1056 3526 de
1068 3469 1141 3526 celui
1153 3487 1208 3544 que
1220 3469 1261 3524 lui

194 3556 275 3629 prete
287 3565 369 3610 notre
381 3565 493 3612 auteur.

231 3643 267 3698 sa
282 3641 384 3697 femme
402 3642 544 3716 s’appelait
557 3643 661 3717 Agnes.
680 3643 728 3698 On
742 3662 861 3718 suppose
876 3645 946 3720 qu’il
961 3648 1030 3701 etait
1049 3646 1091 3700 fils
1107 3645 1142 3701 de
1159 3646 1263 3720 Hngue

194 3729 379 3797 deGrancei;
392 3731 477 3804 qu’on
488 3731 527 3785 lni
540 3750 555 3785 a
566 3731 741 3806 quelqucsois
751 3732 845 3788 donne
856 3734 882 3789 le
893 3752 958 3789 nom
971 3734 1006 3789 de
1017 3734 1151 3804 Rainatd,
1165 3746 1195 3791 et
1207 3752 1263 3809 que

194 3818 265 3873 c’est
275 3818 300 3872 le
313 3818 404 3874 meme
417 3837 589 3892 personnage
602 3821 651 3893 qui
665 3840 680 3874 a
693 3820 778 3876 fonde
788 3823 927 3880 Auberive
939 3843 973 3879 en
987 3828 1066 3882 4435Ι

231 3908 274 3977 (2)
288 3907 441 3980 bourgeois
455 3908 490 3963 de
503 3909 632 3983 Menneu,
647 3911 701 3966 lort
714 3911 801 3966 riche.

231 3993 406 4133 (3)Rb‹¹leline
418 3995 453 4051 de
466 3996 593 4065 Meuian,
611 3999 659 4071 qui
672 4000 774 4071 e'pousa
787 3999 903 4073 Hugue,
922 4002 1052 4073 seigneur
1062 4002 1098 4058 (le
1113 3999 1267 4057 Montforta

197 4095 265 4132 snr-
294 4097 352 4134 rse.

234 4167 423 4238 (imatos.
