3256 5048
310 453 352 514 62
583 451 768 514 HISTORIA
789 449 1095 512 scctstlssttct.
1258 451 1366 532 [1099]

311 584 506 658 Prudentes
545 586 642 657 enim
677 584 866 658 consiliarii
905 582 1055 683 provide
1093 579 1367 655 considerabant

311 701 411 800 quod
440 703 478 772 in
507 702 705 774 munitione
735 700 950 776 validissima
981 701 1200 798 magnanimi
1230 697 1366 799 pugiles

311 813 534 906 resistebant,
554 817 752 914 munitique
770 813 882 889 firmis
899 814 1146 904 conclavibus,
1165 829 1290 887 contra
1306 813 1367 887 de·

311 945 425 1004 tectos
446 931 700 1029 multiplicibus
721 933 839 1004 modis
856 929 956 1006 lacile
974 930 1225 1030 praevalebant.
1247 927 1367 1001 Soler-

310 1057 366 1120 tes
381 1072 466 1144 ergo
480 1047 679 1120 auricularii
694 1045 781 1121 utile
791 1048 976 1121 decretum
987 1048 1105 1146 palam
1124 1045 1314 1136 dederunt,
1332 1059 1367 1117 et

312 1163 384 1235 hoe
405 1187 482 1236 esse
499 1163 664 1260 subjectis
680 1163 879 1236 inermibus
899 1163 945 1235 ad
966 1164 1101 1236 instans
1117 1162 1300 1258 negotium
1317 1185 1368 1232 sa·

310 1275 414 1350 lubre
431 1295 667 1370 censuerunt,
686 1295 727 1351 ut
742 1278 858 1352 salvus
880 1279 1048 1378 princeps
1069 1301 1152 1349 cum
1172 1275 1367 1372 insignibus

309 1396 461 1467 catervis
476 1393 561 1466 inde
577 1394 776 1484 recederet,
794 1394 936 1492 alioque
949 1391 1143 1466 ulciscendi
1159 1415 1289 1490 genere
1304 1390 1368 1462 ini·

309 1508 426 1582 inicos
443 1511 598 1609 puniret,
617 1525 652 1582 et
669 1512 719 1583 sic
732 1536 804 1582 suoe
821 1512 916 1608 genti
932 1510 1151 1608 sospitatem,
1166 1524 1200 1580 et
1211 1507 1368 1581 bostium

312 1625 549 1721 dejectionem
570 1625 697 1698 callide
722 1639 942 1725 procuraret.
968 1629 1072 1697 Mane
1094 1625 1214 1721 itaque
1237 1623 1368 1695 celeres

312 1756 553 1827 surrexerunt,
574 1766 616 1813 ac
632 1740 781 1814 disemis
802 1741 848 1813 ad
865 1740 1124 1815 desolationem
1147 1738 1284 1811 hostilis
1305 1761 1368 1835 pa·

309 1855 388 1926 triae
403 1855 622 1930 ferramentis
639 1859 693 1930 usi
708 1872 803 1930 sunt.
829 1859 959 1929 Vincas
976 1856 1073 1928 enim
1089 1855 1367 1953 extirpaveruut,

313 1967 508 2043 fructiferas
533 1972 678 2046 arbores
696 1972 940 2061 succiderunt,
969 1970 1140 2044 macerias
1159 1984 1195 2042 et
1218 1970 1370 2069 parietes

308 2083 535 2181 dejecerunt,
555 2102 738 2186 totamque
761 2090 965 2185 regionem,
983 2111 1062 2184 quae
1078 2084 1255 2158 uberrima
1281 2096 1367 2172 erat,

312 2199 395 2296 igne
421 2216 457 2272 et
482 2203 575 2274 leno
596 2201 860 2276 desolaverunt.
886 2201 1025 2274 Deinde
1047 2225 1109 2273 rex
1131 2199 1371 2272 Cenomauuis

313 2315 536 2414 triumphans
548 2317 604 2414 (l)
617 2318 776 2407 accessit,
797 2333 833 2390 et
850 2318 1042 2390 multarum
1054 2315 1218 2389 tribubus
1230 2315 1372 2413 provin·

309 2430 449 2502 ciarum
466 2430 644 2504 licentiam
661 2429 844 2506 remeandi
862 2433 908 2504 ad
920 2455 984 2505 sua
996 2431 1155 2505 donarit.

361 2545 445 2618 llaec
462 2570 558 2618 anno
572 2548 768 2619 Dominicis
784 2547 1042 2618 lucamatiouis
1057 2552 1099 2618 u⁰
1109 2552 1239 2635 xc⁰1¹⁰,
1260 2541 1372 2615 indic·

310 2661 410 2732 tione
432 2667 512 2751 vrr',
543 2686 665 2734 mense
682 2662 774 2760 julio
799 2662 890 2735 facta
913 2677 1007 2733 suut.
1036 2665 1135 2734 Tunc
1161 2657 1368 2744 ierusalem,

310 2775 511 2849 Gentilibus
528 2779 642 2864 victis,
656 2780 718 2877 qui
737 2802 815 2850 eam
833 2778 895 2849 diu
908 2791 1107 2866 tenuerant,
1127 2775 1293 2847 assuetis
1308 2796 1371 2871 pe·

312 2893 478 2989 regrinis,
498 2895 592 2965 utin
611 2894 825 2992 praecedenti
846 2891 939 2964 libro
963 2890 1176 2980 dilucidavi,
1199 2896 1276 2960 vm·
1292 2888 1372 2960 idus

307 3006 386 3102 julii
408 3022 511 3107 capta
529 3024 594 3081 est.
616 3009 780 3081 Urbanus
801 3010 910 3082 etium
934 3011 1045 3107 Papa,
1065 3005 1207 3078 reddito
1224 3003 1371 3077 Christi·

311 3124 400 3196 colis
411 3126 539 3198 Christi
551 3127 715 3227 sepulcro
724 3142 846 3200 sancte
859 3125 1070 3225 tripudians,
1082 3131 1120 3193 r⁰
1130 3121 1299 3196 kalendas
1309 3144 1371 3193 au·

218 3279 222 3286 ·
312 3241 405 3336 gusti
420 3240 528 3329 obiit3
547 3243 605 3314 cui
625 3241 800 3316 Paschalis
811 3247 922 3340 Papa,
939 3247 1012 3314 xrs·
1027 3241 1087 3314 die
1104 3237 1335 3311 intronizatus
1351 3259 1372 3306 a

312 3357 461 3427 transitu
478 3358 623 3455 prioris,
642 3361 807 3431 successit
824 3359 893 3456 (2).
1193 3439 1196 3446 ,

361 3475 404 3542 Χ.
426 3472 654 3559 Glalebertus‚
676 3474 904 3546 Luxoviensis
928 3473 1129 3572 episcopus,
1148 3496 1169 3543 a
1189 3468 1373 3542 monachis

314 3587 537 3662 Uticensibus
551 3589 732 3662 multoties
749 3590 940 3687 requisitus
954 3589 1019 3662 luit
1032 3603 1072 3660 ut
1090 3585 1255 3661 abbatem
1269 3609 1373 3659 suum

312 3703 551 3782 benediceret.
572 3708 680 3796 Quod
704 3707 763 3779 illc
787 3709 906 3779 renuit
930 3729 1050 3804 agere,
1083 3706 1150 3778 nisi
1174 3704 1285 3776 abbas
1308 3701 1371 3773 sibi

312 3872 1368 3916 m—-k--ffl

348 4021 389 4086 (l)
400 4016 441 4072 Ce
454 4027 513 4071 mot
525 4016 595 4071 n'est
606 4033 654 4088 pas
665 4015 800 4070 heureux.

348 4107 387 4177 (Ξ)
405 4104 513 4159 Urbain
526 4103 554 4156 ll
571 4121 607 4156 ne
622 4114 737 4159 mourut
749 4121 804 4178 que
821 4102 846 4158 le
862 4105 910 4172 29,
925 4114 953 4159 et
967 4121 1023 4159 non
1036 4102 1062 4158 le
1074 4107 1108 4162 28
1122 4101 1224 4174 juillet.
1238 4098 1333 4156 Pascal
1346 4097 1374 4154 ll

313 4192 356 4249 lut
370 4193 417 4248 elu
430 4191 456 4248 le
469 4196 503 4249 ts
514 4191 581 4247 amit
591 4202 619 4246 et
633 4195 709 4247 sacre
721 4192 748 4248 le
758 4191 925 4247 lendemain.
