3140 5076
361 465 421 526 338
633 455 817 521 HISTORIA
839 453 1146 520 ucctmtasttca
1314 463 1419 540 [1119]

363 593 682 691 municipiumque,
699 589 736 662 in
754 613 828 688 quo
838 612 971 688 procax
985 587 1057 668 filia
1069 589 1146 686 ejus
1159 612 1196 662 se
1208 587 1418 685 occluserat,

362 709 515 786 obsedit·
539 712 638 779 Tunc
659 705 719 779 illa
740 703 901 802 undique
920 705 1024 778 anxia
1040 705 1124 794 luit,
1148 704 1288 804 etquid
1303 722 1422 804 ageret

361 825 525 916 nescivit;
541 847 609 922 pro
620 835 719 896 certo
731 844 952 919 cognoscens
963 835 1102 918 patrem
1116 844 1221 892 suurn
1235 819 1304 894 sibi
1316 822 1422 896 nimis

361 943 492 1014 iratum
506 939 589 1012 illuc
606 936 809 1027 advenisse,
829 951 866 1009 et
884 934 1112 1010 obsidionem
1129 936 1222 1008 circa
1237 935 1421 1008 castellum

361 1056 514 1156 positam
534 1055 610 1126 sine
626 1051 787 1152 trophaeo
803 1075 880 1126 non
896 1051 1128 1124 dimissurum
1145 1051 1239 1143 lore,
1257 1050 1421 1143 tandem,

360 1172 452 1244 sicut
475 1169 646 1243 Salomon
669 1169 746 1240 ait:
768 1172 850 1242 Non
876 1181 929 1239 est
953 1167 1093 1240 naalia'a
1116 1193 1223 1265 super
1245 1167 1423 1240 malia'um

360 1283 520 1358 mult'err's
535 1282 608 1381 (l),
628 1305 778 1355 manum
797 1305 899 1355 suam
920 1281 957 1354 in
977 1280 1160 1356 Christum
1173 1283 1326 1358 Domini
1341 1284 1423 1356 mit·

360 1414 436 1474 tere
451 1398 704 1498 praecogitavit.
726 1396 831 1472 Unde
846 1396 947 1497 loqui
963 1421 1047 1472 cum
1063 1413 1166 1497 patre
1179 1397 1424 1474 lluudnlenter

359 1514 495 1614 petivit.
522 1517 593 1588 Rex
610 1527 748 1603 autem,
770 1527 875 1588 tautae
892 1512 1026 1592 fraudis
1042 1512 1182 1586 leminae
1195 1516 1359 1603 nescius,
1379 1513 1423 1586 ad

360 1629 582 1726 colloquium
604 1629 722 1720 venit;
746 1651 856 1727 quem
881 1627 1034 1701 inlausta
1056 1627 1199 1700 soboles
1222 1627 1423 1701 interficere

358 1744 483 1819 voluit.
503 1749 594 1818 Nam
610 1744 774 1817 balistam
791 1743 958 1835 tetendit,
978 1759 1014 1818 et
1033 1745 1197 1842 sagittam
1218 1744 1266 1818 ad
1284 1760 1422 1842 patrem

360 1863 478 1953 traxit,
500 1860 576 1955 sed,
589 1876 798 1962 protegente
813 1865 905 1951 Deo,
921 1884 997 1933 non
1012 1859 1112 1932 laesit.
1131 1859 1236 1933 Unde
1248 1885 1315 1934 rex
1329 1861 1421 1934 illico

360 1975 495 2050 destrui
514 1992 665 2077 pontem
682 1973 817 2052 castelli
839 1975 940 2066 lecit,
963 1999 1009 2048 ne
1030 1974 1278 2073 ingrederetur
1297 1974 1422 2073 aliquis

358 2090 416 2166 vel
428 2091 670 2189 egrederetur.
687 2089 823 2164 Videns
839 2090 960 2188 itaque
973 2089 1114 2164 Juliana
1129 2113 1168 2163 se
1184 2088 1348 2187 undique
1360 2091 1422 2162 cir·

360 2206 584 2298 cumvallari,
609 2205 864 2304 neminemque
884 2205 952 2279 sibi
969 2204 1234 2296 adminiculari,
1252 2205 1330 2302 regi
1347 2229 1421 2280 cas·

361 2318 485 2395 tellum
502 2319 677 2410 reddidit;
698 2319 762 2396 sed
778 2319 825 2394 ab
841 2343 885 2394 eo
901 2318 1053 2394 liberum
1071 2318 1274 2394 nullatenus
1290 2321 1421 2394 exitum

360 2434 508 2535 adipisci
524 2437 654 2534 potuit.
675 2437 784 2534 Regio
803 2461 933 2535 nempe
946 2437 1048 2533 jussu
1065 2449 1202 2527 coacta,
1220 2437 1298 2508 sine
1314 2451 1422 2536 ponte

361 2568 397 2626 et
420 2564 705 2626 sustentamento
727 2550 774 2624 de
797 2551 941 2626 sublimi
967 2552 1058 2643 ruit,
1088 2565 1124 2624 et
1149 2551 1256 2626 nudis
1280 2553 1422 2626 natibus

361 2668 523 2765 usquein
539 2665 762 2766 profundum
778 2666 899 2742 fossati
913 2691 997 2740 oum
1014 2669 1209 2764 ignominia
1222 2665 1419 2741 descendit.

361 2789 439 2862 Hoc
461 2785 633 2858 nimirum
650 2784 688 2857 in
707 2785 824 2884 capite
841 2785 1147 2884 Quadragesimae,
1166 2787 1204 2858 in
1223 2788 1329 2858 tertia
1343 2811 1420 2885 sep·

361 2901 494 2974 timana
514 2899 681 2974 februarii
702 2900 757 2998 (2)
777 2901 942 3000 contigit,
964 2901 1053 2976 dum
1073 2901 1168 2976 fossa
1183 2899 1319 2976 castelli
1337 2901 1421 2974 bru·

361 3016 513 3090 malibus
534 3018 635 3116 aquia
655 3015 762 3115 plena
781 3016 1016 3109 redundavit,
1039 3033 1074 3090 et
1096 3016 1194 3090 unda
1211 3019 1326 3090 nimio
1344 3017 1422 3116 gelu

362 3133 553 3205 constricta
577 3146 707 3204 tenerae
729 3132 828 3203 carni
842 3121 958 3230 ¹lapsae
973 3132 1139 3205 'mulieris
1161 3133 1287 3230 ingens
1314 3133 1422 3230 frigus

359 3247 439 3343 jure
461 3246 753 3320 subministravit.
777 3247 933 3320 Infausta
954 3247 1118 3322 bellatrix
1135 3246 1220 3322 inde
1242 3263 1282 3321 ut
1306 3249 1423 3348 potuit

362 3387 446 3435 cum
457 3362 635 3437 dedecore
647 3365 766 3455 exivit,
785 3388 826 3436 ac
840 3363 886 3436 ad
901 3366 1068 3437 maritum
1082 3389 1200 3456 suum,
1216 3368 1279 3463 qul
1297 3365 1421 3439 Paccio

363 3478 527 3577 degebat,
540 3481 724 3571 remeavit,
738 3481 842 3578 eique
853 3482 962 3553 tristis
974 3494 1122 3554 eventus
1132 3473 1238 3554 verax
1249 3481 1420 3553 nuncium

363 3592 543 3668 enodavit.
560 3599 632 3668 Rex
644 3595 839 3693 burgenses
852 3597 1076 3682 convocavit,
1095 3595 1141 3668 dc
1154 3593 1325 3668 fidelitate
1336 3619 1419 3668 oon·

397 3842 438 3916 (1)
455 3841 659 3910 Ecclesiastie„
674 3857 744 3913 xxv,
759 3847 805 3903 26.
823 3842 903 3899 Ainai
919 3859 975 3919 que
992 3859 1063 3898 nous
1079 3841 1183 3897 l'avona
1198 3841 1261 3914 de'jl
1275 3836 1419 3916 'remarqoe

361 3931 500 4008 plusieurs
509 3931 572 4002 icis,
585 3929 612 3987 le
622 3941 696 3987 texte
704 3932 760 3987 cite
767 3950 818 4006 par
826 3941 908 3987 notre
916 3940 1016 3986 auteur
1027 3931 1098 3986 o'est
1109 3949 1158 4005 pas
1166 3941 1342 3986 exactement
1352 3927 1419 3984 celui

361 4018 397 4074 de
407 4019 434 4074 la
446 4013 582 4095 Vulgata,
594 4021 645 4097 qui
656 4038 817 4078 commeare
828 4038 879 4094 par
890 4037 935 4076 cea
946 4029 1019 4076 mota
1033 4045 1039 4074 :
1054 4019 1155 4075 Brevis
1165 4023 1257 4075 onmis
1268 4019 1417 4075 malitia...

395 4109 434 4181 (2)
454 4109 540 4165 Entre
551 4108 578 4165 le
591 4111 626 4166 tt
638 4119 667 4165 et
678 4105 705 4164 le
715 4111 751 4168 22
762 4107 873 4164 tenter.
889 4109 927 4164 le
936 4108 1045 4164 cerame
1057 4109 1130 4164 avait
1143 4111 1306 4165 commanet
1317 4107 1344 4165 le
1355 4110 1370 4165 l
1382 4105 1416 4161 du

362 4195 452 4252 meme
464 4197 544 4252 mois.
