3178 5052
334 473 375 532 86
607 475 794 536 HISTORIA
815 475 1124 580 ucctqstusttcs.
1282 484 1391 560 [1100]

322 600 466 696 suroris
488 619 614 675 contra
634 606 797 705 reprobos
817 611 974 680 intensus
992 623 1059 698 est,
1082 624 1119 680 et
1135 612 1267 708 sugn'ttu
1292 609 1392 681 velox

332 716 384 788 ad
410 716 665 792 vulnerandum
688 721 731 793 de
751 724 927 821 pharetra
950 739 1113 796 extracta
1140 740 1203 797 est.
1240 729 1391 821 Repente

324 833 408 932 jum
426 834 559 932 feriet,
582 861 724 937 seseque
747 839 952 939 corrigendo
975 843 1118 938 sapteus
1142 843 1256 912 omnis
1284 843 1391 912 ictum

331 949 490 1022 declinet.
513 957 594 1024 Haec
611 969 646 1026 et
663 955 774 1028 multa
792 956 847 1027 his
865 955 991 1030 similia
1007 955 1144 1055 populo
1163 956 1247 1028 feria
1269 963 1317 1028 1v⁸
1333 957 1389 1052 (l)

331 1065 367 1136 in
384 1066 518 1164 templo
532 1070 598 1140 Dei
609 1069 705 1144 dicta
716 1086 812 1160 sunt,
827 1088 862 1143 et
876 1071 1054 1171 extemplo
1067 1071 1205 1168 flagella
1220 1072 1389 1170 prosequi

332 1180 548 1257 exhibitione
565 1211 715 1284 operum
733 1204 849 1286 coepta
867 1202 961 1260 sunt.

379 1303 419 1370 ln
437 1300 631 1372 crastinum
640 1303 708 1398 (2),
729 1302 939 1376 Guillelmus
956 1329 1018 1376 rex
1030 1328 1136 1376 mane
1146 1328 1228 1376 cum
1239 1306 1312 1376 suis
1324 1328 1389 1402 pa·

328 1415 443 1486 rasitis
459 1418 631 1506 comedit,
651 1441 798 1515 seseque
814 1434 896 1517 post
914 1418 1118 1518 prandium,
1138 1433 1177 1490 ut
1197 1420 1233 1490 iu
1251 1424 1387 1491 Novam

330 1531 510 1602 Forestam
536 1547 703 1604 venatum
727 1533 812 1623 iret,
836 1535 1059 1634 preparavit.
1083 1538 1245 1631 Cumque
1268 1533 1389 1605 hilaris

329 1667 412 1716 curn
433 1645 622 1719 clientibus
642 1649 713 1720 suis
736 1649 965 1747 tripudiaret,
991 1673 1185 1746 ocreasque
1210 1673 1290 1720 suas
1315 1647 1389 1720 cal-

328 1762 450 1852 ciaret,
467 1765 613 1860 quidam
626 1765 724 1838 saber
739 1766 823 1838 illuc
835 1766 997 1854 advenit,
1009 1781 1046 1839 et
1056 1791 1115 1837 sex
1125 1763 1319 1864 catapultas
1334 1763 1389 1862 (3)

329 1878 362 1947 ei
387 1880 621 1976 praesentavit.
649 1885 746 1968 Quas
772 1880 831 1953 ille
853 1873 1016 1979 protinus
1043 1878 1206 1953 alacriter
1231 1879 1384 1977 accepit,

328 2017 394 2090 per
404 2017 496 2092 opus
507 1994 678 2069 artificem
687 1995 858 2081 laudavit,
871 1997 1010 2068 nescius
1025 1995 1145 2076 futuri,
1157 2008 1312 2090 quatuor
1321 1992 1387 2064 sibi

329 2109 486 2199 retinuit,
503 2125 538 2182 et
551 2109 640 2184 duas
652 2109 833 2183 Gualterio
846 2111 975 2184 Tirello
989 2111 1043 2207 (li)
1059 2101 1229 2208 porrexit.
1248 2114 1388 2180 Iustum

326 2239 396 2311 est,
416 2225 531 2322 inquit
547 2251 628 2315 rex,
648 2243 689 2298 ut
706 2227 765 2298 illi
778 2229 987 2299 acutissime
1008 2225 1135 2297 dentw
1153 2226 1301 2324 sagitte,
1328 2225 1391 2322 qui

333 2337 508 2436 teturstros
539 2341 620 2414 t'ude
645 2344 780 2413 noverit
804 2345 892 2414 ictus
914 2343 1073 2441 infigere.
1103 2345 1187 2412 Erat
1216 2338 1312 2410 idem
1341 2339 1387 2410 de

338 2455 476 2528 i'rancia
503 2456 605 2529 miles
632 2481 844 2553 generosus,
874 2457 963 2528 Picis
988 2472 1024 2529 et
1055 2455 1258 2527 Pontisariae
1288 2453 1388 2524 dives

328 2569 550 2667 oppidanus,
568 2586 698 2670 potens
713 2573 807 2644 inter
826 2573 1034 2671 optimates,
1053 2585 1089 2644 et
1104 2571 1140 2642 in
1161 2569 1268 2642 armis
1288 2592 1388 2640 acer-

328 2685 455 2775 rimus,
475 2686 558 2759 ideo
577 2689 650 2784 regi
666 2687 845 2760 familiaris
865 2689 1033 2777 conviva,
1058 2701 1093 2759 et
1114 2684 1247 2781 ubique
1265 2707 1387 2755 comes

327 2803 502 2875 assiduus.
521 2805 700 2902 Denique,
720 2805 808 2877 dum
825 2805 870 2876 de
894 2804 1056 2903 pluribus
1074 2803 1246 2875 inutiliter
1265 2801 1356 2874 conl
1372 2835 1387 2856 .

326 2916 549 3011 bularentur,
570 2937 605 2995 et
620 2920 807 2994 domestici
823 2921 969 2994 clientes
992 2923 1084 2994 circa
1105 2945 1224 3017 regern
1248 2918 1385 2989 aduna-

326 3048 462 3124 rentur,
491 3036 637 3134 quidam
665 3035 862 3108 monachus
890 3035 936 3108 de
965 3035 1175 3107 Gloucestra
1202 3031 1323 3120 alluit,
1351 3045 1386 3102 et

325 3149 463 3223 abbatis
482 3153 537 3222 sui
558 3152 691 3226 litteras
711 3152 785 3249 regi
805 3153 975 3250 porrexit.
997 3148 1135 3239 Quibus
1155 3147 1304 3236 auditis,
1324 3171 1386 3219 rex

324 3264 362 3335 in
386 3265 603 3338 cachinnum
628 3266 803 3340 resolutus
824 3283 896 3354 est,
923 3281 958 3339 et
976 3263 1232 3337 subsannando
1261 3287 1386 3362 supra·

323 3376 460 3451 dictum
480 3381 628 3453 militem
644 3381 695 3454 sic
715 3383 839 3454 allatus
862 3396 915 3454 est
935 3407 944 3452 t
968 3381 1146 3462 Guulteri,
1167 3377 1229 3470 fac
1251 3395 1385 3451 rectum

323 3493 367 3566 de
381 3495 436 3568 lus
454 3522 531 3596 quaa
546 3496 685 3569 amnti.
708 3504 750 3570 At
767 3497 825 3570 ille
847 3525 855 3568 :
874 3499 934 3569 Sic
942 3495 1104 3593 sactum,
1123 3495 1277 3567 domine.
1298 3499 1385 3567 Par-

357 3777 396 3846 (ll
415 3775 452 3830 Le
471 3780 509 3832 ⁴⁸³
523 3775 604 3846 norit,
617 3778 684 3850 jour
695 3777 729 3831 de
743 3777 769 3830 la
781 3777 836 3832 lete
854 3775 889 3830 dc
901 3773 1254 3832 Saint-l'ierre-unx·l.iens
1266 3771 1385 3829 tombait

322 3881 358 3918 en
373 3862 437 3919 ell'et
451 3864 478 3920 le
490 3865 626 3921 mercmdi
638 3885 673 3923 en
686 3869 767 3924 4400.

358 3953 395 4024 (2)
413 3951 451 4007 Le
456 3951 535 4024 jeudi
551 3953 655 4012 horit.

358 4042 399 4120 (3)
419 4045 513 4118 Voyer
526 4042 684 4119 pluebant,
699 4064 727 4119 p.
741 4049 790 4112 84,
804 4063 832 4099 n.
844 4049 869 4102 3.
882 4044 931 4102 Gl.
946 4045 1000 4099 int.
1014 4067 1019 4099 ι
1034 4047 1165 4116 sagittas.

356 4135 396 4206 (l)
413 4133 533 4191 Gautler
544 4131 639 4203 Tirel,
653 4135 783 4208 seigneur
795 4133 832 4189 de
844 4133 913 4188 Poix
924 4133 1059 4203 (ὃοωπιο)
1070 4142 1099 4188 et
1111 4131 1251 4188 chitelain
1260 4129 1297 4187 de
1308 4131 1383 4186 Pon·

320 4224 401 4279 toise.
