2888 4934
195 436 302 514 [uos]
535 432 652 495 tinen
674 431 912 492 uunuunus.
1195 431 1254 495 uo

197 583 335 641 tantum
353 565 565 666 ,pr-<edonem
592 564 745 639 carebat.
773 570 862 638 Nam
888 565 964 662 ipse
986 562 1120 635 viribus
1143 579 1178 636 et
1202 567 1256 638 in·

195 686 300 782 genio
323 682 503 783 pollebat,
529 698 566 755 et
588 685 790 780 congeriem
816 681 1038 766 divitiarum,
1059 705 1148 777 quas
1161 682 1253 777 jam·

195 799 335 872 dudum
353 795 590 896 congesserat,
608 801 646 870 in
663 824 768 870 xxxiv
787 797 983 869 fortissimis
996 796 1255 870 munitionibus

193 915 240 987 ad
257 914 492 988 rebellionem
510 914 594 986 olim
610 914 822 987 constructis
833 910 1001 984 habebat.
1020 911 1125 983 Solus
1141 927 1256 1009 pater·

191 1055 280 1103 nam
309 1031 543 1104 hereditatem
570 1031 711 1129 penitus
738 1027 966 1129 possidebat,
995 1026 1093 1099 undc
1121 1026 1257 1098 nullam

189 1146 348 1245 praefatis
363 1147 539 1237 iratribus,
555 1171 623 1247 pro
634 1147 696 1219 illo
708 1145 943 1233 exheredatis,
960 1159 1098 1243 partem
1111 1145 1258 1242 permit·

188 1260 306 1333 tebat.
321 1264 490 1358 Rogerius
500 1263 532 1359 (l
541 1263 556 1358 )
566 1263 686 1358 itaque
700 1261 746 1332 ad
757 1259 965 1332 Carroiense
977 1274 1146 1349 castrum,
1157 1259 1259 1357 qnod

187 1377 241 1450 de
271 1380 491 1477 patrimonio
523 1404 594 1450 suae
629 1378 790 1474 conjugis
825 1391 918 1465 erat,
951 1378 1112 1465 secessit,
1139 1375 1260 1472 ibique

189 1519 312 1591 usque
327 1495 373 1565 ad
385 1510 605 1567 senectutem
618 1495 824 1593 permansit,
840 1508 875 1564 et
888 1493 966 1564 vitae
978 1491 1086 1565 finem
1100 1493 1258 1580 sortitus,

190 1608 291 1682 lilios
321 1610 388 1682 sibi
414 1609 550 1709 probos
577 1634 798 1682 successores
828 1608 982 1706 reliquit.
1014 1607 1182 1680 Amulius
1207 1607 1261 1703 (2)

192 1740 337 1814 autem,
360 1741 441 1824 post
463 1726 596 1798 multos
617 1724 775 1815 labores,
796 1749 888 1821 quos
906 1748 973 1822 pro
994 1722 1101 1793 fratre
1123 1747 1190 1793 suo
1210 1723 1264 1792 in·

193 1863 337 1912 mesum
358 1842 539 1931 toleravit,
565 1841 769 1939 indignatus
789 1840 836 1911 ad
852 1839 982 1911 ducem
997 1863 1074 1910 sese
1091 1837 1260 1927 contulit,

197 1971 230 2030 et
246 1971 405 2029 castrum
424 1956 700 2029 Almaniscarum
718 1956 941 2053 surreptione
957 1954 1114 2051 capiens,
1130 1951 1181 2023 illi
1195 1967 1264 2024 tra·

198 2071 301 2163 didit,
322 2088 358 2143 et
373 2072 492 2170 plures
505 2071 552 2144 de
566 2071 832 2143 auxiliatoribus
846 2070 960 2141 fratris
974 2069 1028 2139 sui
1042 2092 1163 2139 secum
1178 2090 1265 2138 con·

199 2189 317 2260 traxit.
334 2191 433 2258 Tunc
451 2189 488 2259 in
506 2188 663 2283 Sagiensi
681 2187 860 2259 territorio
876 2185 988 2256 nimia
1003 2181 1159 2255 turbatio
1173 2182 1266 2255 lacta

199 2317 261 2374 est.
283 2302 386 2373 Multi
410 2302 682 2400 provincialium
701 2328 784 2374 cum
802 2301 948 2375 Amulio
967 2300 1191 2373 Rodbertum
1210 2324 1266 2371 re-

199 2415 398 2515 liquerunt,
418 2433 454 2489 et
472 2419 666 2517 municipia
682 2443 746 2489 sua
765 2418 961 2489 fautoribus
980 2417 1080 2488 ducis
1099 2416 1264 2488 reddide-

199 2546 294 2603 runt.
311 2531 652 2621 Rodbertusautem,
662 2533 725 2628 qui
735 2533 1082 2631 desertusaproprio
1093 2553 1264 2626 germano

200 2661 288 2735 erat,
312 2647 446 2744 ubique
464 2646 695 2718 meticulosus
710 2649 765 2719 vix
784 2650 820 2719 in
840 2649 960 2744 aliquo
977 2645 1194 2734 confidebat,
1214 2659 1263 2732 et,

200 2763 280 2860 quia
296 2787 391 2860 pene
404 2763 542 2834 cunctis
556 2763 720 2835 terribilis
734 2779 822 2855 erat,
840 2764 885 2834 de
902 2763 969 2835 illis
984 2765 1104 2854 etiam,
1123 2763 1186 2860 qui
1197 2759 1265 2832 sibi

201 2875 317 2949 adbuc
333 2876 581 2969 adhaerebant,
602 2877 804 2976 ambigebat
820 2879 891 2975 (3).

244 2995 368 3065 Mense
384 2993 501 3087 junio,
517 2993 684 3065 satellites
699 2995 803 3065 ducis
820 2995 858 3065 in
877 2992 1056 3065 abbatiam
1074 2991 1264 3063 sanctimo-

232 3278 271 3345 (4)
284 3273 565 3347 Roget-te-Pouevin
579 3293 608 3330 se
624 3275 710 3329 retira
728 3293 763 3330 en
783 3273 849 3330 effet
863 3292 899 3328 au
913 3274 1030 3331 cbiteau
1049 3274 1084 3331 de
1100 3276 1264 3343 Charroux,

202 3365 260 3436 μὰ
270 3364 381 3430 Cirrai3
396 3363 416 3417 il
426 3383 444 3437 y
455 3383 532 3437 passa
549 3364 575 3418 le
593 3377 664 3421 reste
677 3365 712 3421 de
725 3383 767 3420 ses
780 3367 870 3437 jours‚
889 3367 1016 3438 toujours
1035 3385 1070 3422 en
1089 3385 1189 3441 guerre
1202 3385 1267 3422 arec

203 3452 301 3527 lingue
311 3452 369 3519 vt,
388 3455 519 3527 seigneur
532 3454 567 3509 de
579 3456 734 3530 lusignan,
749 3457 909 3509 surnomme'
922 3456 948 3510 le
960 3456 1068 3523 Diable,
1085 3457 1135 3529 qui
1152 3455 1192 3510 lui
1207 3454 1265 3509 dis·

204 3543 288 3612 pouit
302 3542 329 3598 le
346 3547 437 3598 comte'
450 3544 485 3598 de
499 3544 524 3598 la
539 3545 663 3600 biarche.
681 3546 703 3598 ll
722 3545 803 3617 legna
819 3555 893 3601 cette
910 3564 1010 3618 guerre
1022 3549 1038 3600 a
1049 3564 1099 3601 son
1114 3547 1157 3601 fils
1168 3545 1264 3602 Aude-

204 3626 260 3686 bert
271 3632 331 3700 lll,
346 3642 375 3687 et
387 3635 402 3685 a
414 3649 464 3687 son
476 3633 606 3705 petit-fils
618 3633 763 3689 Audebert
776 3635 829 3688 lV.

234 3721 272 3790 (2)
285 3721 366 3775 Nous
381 3731 577 3777 retrourerona
592 3726 607 3777 la
621 3723 729 3777 l‘annee
741 3727 810 3780 4448
827 3741 858 3776 ce
872 3740 1054 3796 personnage,
1069 3726 1118 3799 qni
1132 3725 1174 3781 n'a
1187 3727 1269 3799 point

205 3804 277 3863 biae
297 3807 450 3875 d'enlants;
470 3809 490 3863 il
509 3811 581 3865 avait
603 3810 696 3865 donne
716 3813 731 3863 a
750 3810 873 3883 l’abbaye
885 3810 920 3864 de
931 3811 1266 3869 salmantinae-seez

205 3892 303 3968 l'dglise
315 3895 351 3950 de
363 3897 568 3952 saint-Nicolas
579 3898 615 3952 de
627 3916 677 3951 son
688 3898 805 3953 chiteau
818 3898 853 3954 de
866 3899 1032 3956 Pembrolre.

235 3983 272 4055 (8)
284 3984 365 4040 Nous
381 4004 452 4039 nous
469 3997 665 4041 contenterons
682 3986 717 4040 de
735 3987 805 4041 citer
820 3987 893 4042 deux
910 3989 989 4042 traits
1006 3988 1041 4043 de
1058 3992 1175 4044 crnaute
1187 3989 1222 4042 de
1234 4007 1265 4043 ce

210 4081 327 4126 nouare
344 4073 498 4140 execrable,
516 4074 567 4129 tels
584 4075 667 4148 qu’ils
685 4093 755 4129 nous
772 4086 835 4131 sont
851 4076 960 4131 fournis
977 4094 1090 4149 parson
1107 4088 1267 4150 contempo-

213 4156 280 4229 nin,
297 4157 388 4212 Henri
402 4159 437 4213 de
450 4161 655 4234 lluntingdon:
671 4161 766 4218 Filioli
779 4166 825 4218 sui
834 4165 929 4219 oculos
940 4163 993 4218 sub
1005 4162 1156 4235 chlamyde
1169 4167 1264 4234 positi,
