2888 4934
196 429 307 508 [1120]
522 414 640 484 arnan
660 417 927 482 ouonacruus.
1192 420 1252 484 na

196 560 267 633 dus
285 558 383 631 Ridel
401 559 455 655 (t)
475 572 510 629 et
523 562 625 654 Hugo
645 557 691 631 de
709 557 850 629 Molinis
865 555 933 652 (2),
953 553 1149 637 Rodbertus
1165 559 1251 630 Mal-

196 674 398 747 conductus
405 675 461 770 (3)
473 688 509 745 et
518 697 672 771 nequam
684 672 852 762 Gisulfus,
867 671 984 744 scriba
999 672 1103 766 regis,
1122 673 1251 770 aliique

196 789 317 888 plures
344 788 463 859 multae
491 789 735 886 ingenuitatis,
767 787 934 859 fluctibus
961 786 1116 886 absorpti
1147 804 1248 876 sunt,

194 929 351 1002 quorum
369 903 607 977 miserabilem
626 929 748 976 casum
767 918 948 1004 parentes,
973 904 1249 1000 necessariique,

194 1034 381 1093 consortes
409 1033 447 1091 et
469 1019 575 1092 amici
599 1019 833 1118 planxerunt,
864 1020 924 1117 qui
951 1017 1189 1092 desolationes
1219 1026 1254 1093 et

195 1135 343 1226 damna,
362 1160 427 1234 per
442 1135 598 1208 diversas
610 1138 784 1232 regiones,
800 1160 925 1208 eorum
937 1135 973 1205 in
983 1148 1098 1207 morte
1108 1159 1253 1233 perseu-

194 1266 331 1335 seruut.
356 1250 428 1343 lbi,
449 1267 490 1323 ut
510 1251 632 1344 fertur,
657 1252 782 1324 decem
804 1264 840 1322 et
859 1264 942 1323 octo
960 1249 1124 1323 mulieres
1140 1252 1254 1349 perie-

196 1380 299 1459 runt,
319 1391 400 1464 quae
415 1366 506 1455 fitiae,
527 1365 582 1437 vel
600 1389 754 1455 sorores,
772 1379 834 1437 aut
850 1377 988 1463 neptes,
1006 1387 1069 1437 seu
1085 1364 1254 1461 conjuges

194 1504 323 1578 regum
337 1481 394 1553 vel
411 1482 585 1553 comitum
603 1480 812 1552 floruerunt.

244 1596 328 1666 Sola
346 1595 458 1694 pietas
479 1619 538 1667 me
554 1595 728 1694 compulit
740 1595 807 1666 ista
824 1618 983 1684 narrare,
1003 1593 1254 1690 diligentiaque

192 1709 358 1783 stimulor
383 1710 458 1782 haec
484 1710 646 1806 sequenti
671 1734 747 1782 aevo
769 1711 873 1783 certis
897 1708 1058 1810 apicibus
1082 1709 1249 1807 allegare,

192 1826 368 1922 quoniam
383 1839 472 1897 tetra
484 1850 618 1924 vorago
629 1827 811 1898 neminem
822 1825 1008 1899 absorbuit
1018 1825 1065 1898 de
1076 1851 1157 1899 mea
1169 1851 1256 1900 con·

193 1939 443 2035 sanguinitate,
457 1940 515 2011 cui
526 1941 699 2037 lacrymas
714 1940 840 2014 allectu
859 1942 1040 2036 sanguinis
1056 1939 1252 2032 effundam,

193 2054 265 2129 nisi
279 2079 323 2126 ex
338 2055 416 2127 sola
430 2056 573 2154 pietate.
705 2090 710 2097 ·

243 2169 372 2243 Incolae
396 2171 582 2262 maritimi,
610 2186 649 2245 ut
670 2171 920 2254 certitudinem
942 2172 1130 2245 infortunii
1153 2198 1253 2245 com·

193 2302 381 2386 poterunt,
403 2287 550 2360 stactam
567 2312 696 2370 navem
719 2312 802 2369 cum
822 2302 899 2371 toto
915 2289 1007 2385 regis
1023 2287 1190 2369 thesauro
1207 2289 1253 2362 ad

192 2399 292 2476 littus
303 2417 563 2501 pertraxerunt,
581 2418 616 2475 et
628 2405 750 2487 omnia
761 2422 840 2502 quae
851 2403 986 2486 ibidem
998 2420 1113 2498 erant,
1128 2419 1254 2502 praeter

192 2515 371 2607 homines,
390 2517 487 2590 salva
503 2544 650 2616 prorsus
666 2533 806 2618 reperta
820 2533 916 2593 sunt.
936 2520 1075 2620 Deinde
1090 2519 1253 2617 pernices
1332 2504 1336 2512 ’

192 2633 260 2706 viri
273 2641 337 2706 vrr⁰
350 2632 519 2707 kalendas
535 2633 746 2727 decembris,
766 2635 855 2707 dum
868 2634 1059 2717 christiana
1074 2633 1177 2733 plebs
1193 2657 1251 2721 so·‚

192 2747 326 2820 lemnia
346 2762 473 2820 sanctae
490 2746 645 2820 celebrat
662 2749 875 2840 Catherinae,
901 2751 1045 2846 virginis
1067 2765 1102 2820 et
1120 2763 1251 2845 marty-

191 3087 262 3145 dans
272 3088 300 3144 le
312 3090 488 3146 Monosticon
501 3092 704 3165 Anglieartum,
719 3101 740 3146 t.
752 3093 796 3164 ll,
810 3112 838 3166 p.
850 3090 880 3162 7,
894 3110 950 3148 une
961 3095 1057 3153 charte
1067 3095 1102 3150 de
1114 3096 1203 3150 Henri
1217 3095 1251 3150 1⁶

190 3177 291 3232 arcela
302 3180 488 3252 souscription
501 3204 506 3234 :
521 3181 551 3235 Ε
552 3199 588 3252 go
603 3181 770 3240 sumemus
779 3182 880 3250 Pirou,
895 3182 1019 3257 dapffer,
1030 3185 1079 3257 qui
1091 3184 1251 3240 semblerait

191 3281 313 3338 prouver
327 3286 382 3342 que
399 3287 430 3323 ce
447 3270 576 3342 seigneur
589 3272 681 3325 aurait
695 3270 820 3345 ecbappe
831 3291 866 3328 au
880 3273 1030 3346 naufrage,
1046 3275 1165 3348 puisque
1177 3286 1250 3330 cette

192 3355 378 3428 muwription
390 3374 407 3429 y
419 3368 461 3412 est
472 3357 607 3431 precedes
619 3357 655 3414 de
667 3358 736 3415 celle
747 3359 783 3415 de
794 3359 820 3414 la
831 3362 910 3417 taine
920 3360 1054 3418 Adelaitle
1067 3361 1102 3417 de
1113 3364 1248 3419 louvain.

227 3441 267 3515 (t)
285 3442 387 3499 C'etait
402 3463 441 3499 un
456 3445 560 3518 gendre
575 3446 610 3501 de
624 3447 727 3521 lingue
743 3447 945 3518 d’Avranchea,
963 3460 1054 3506 coorta
1067 3450 1104 3505 de
1119 3451 1247 3506 Chester.

190 3529 227 3588 8·
238 3549 324 3589 reuse
337 3555 344 3586 ε
355 3531 448 3602 Gerr,
467 3533 551 3589 londa
566 3533 689 3605 l'abbaye
705 3535 740 3590 de
756 3535 894 3603 Canwell,
913 3535 982 3593 dans
998 3537 1025 3595 le
1041 3538 1248 3596 staffordshirc.

190 3618 287 3691 Voyaz
302 3621 381 3676 Mon.
398 3622 499 3694 Angl,
515 3633 537 3676 t.
550 3623 563 3677 1
569 3664 577 3690 ,
593 3640 621 3696 p.
636 3625 698 3680 439.
714 3624 749 3680 Sa
766 3623 821 3680 fille
836 3627 939 3697 epousa
954 3626 1079 3688 Richard
1096 3627 1204 3695 barsen
1219 3638 1248 3683 et

189 3705 329 3853 {uigili
345 3709 469 3765 Geoffroi
484 3710 590 3778 Basset,
606 3713 815 3785 contemporain
830 3712 864 3767 de
878 3713 968 3770 Henri
979 3715 1128 3789 ll‚'reprit
1143 3715 1247 3770 lencm

265 3814 274 3850 r
295 3815 330 3851 e.

224 3885 263 3958 (2)
281 3887 436 3945 Troisieme
448 3888 490 3944 fils
500 3888 536 3944 da
546 3888 707 3945 Guillaume
717 3889 754 3947 de
765 3889 895 3948 Montius.

223 3979 264 4048 (ὃ)
283 3975 331 4033 On
348 3965 445 4033 trouve
461 3977 530 4034 dans
543 3996 599 4033 une
617 3978 788 4039 transactioo
804 3990 883 4035 entre
898 3979 1022 4053 l’abbaye
1037 3980 1072 4035 de
1085 3981 1205 4052 Fecamp
1216 3990 1246 4035 et

188 4063 319 4138 Philipps
333 4065 369 4122 de
381 4066 510 4133 Briouse,
521 4083 556 4121 en
569 4071 638 4124 4403
653 4066 743 4139 (Mon.
756 4069 883 4142 Δημέα,
897 4080 919 4124 t.
932 4068 971 4136 11,
985 4088 1014 4141 p.
1028 4070 1102 4135 973),
1117 4087 1156 4124 un
1172 4069 1245 4125 Wit-

190 4152 290 4207 lelmus
300 4154 398 4209 Malus
413 4154 584 4217 Condantur,
597 4155 645 4228 qui
658 4156 727 4211 etait
738 4157 946 4229 probablement
959 4156 984 4211 le
996 4157 1062 4228 pere
1073 4153 1108 4209 de
1119 4155 1243 4213 celui-ci.
