2888 4934
190 417 404 498 [tlon-1104]
565 416 682 477 LlBER
703 418 889 481 DECIMUS.
1196 424 1250 487 lll

190 550 257 624 sihi
273 548 452 623 redderet.
472 553 549 621 Hoc
566 551 737 622 nimirum
753 552 840 648 egit,
861 575 936 623 non
953 567 993 624 ut
1009 554 1170 627 vinctum
1187 556 1254 628 du·

190 664 459 753 oemliberaret,
473 689 515 736 ac
530 663 577 736 ad
588 665 775 738 tutandam
787 665 1086 740 Christianitntem
1098 671 1254 767 pristinae

190 780 344 854 libertati
357 794 583 870 restauraret,
600 780 664 853 sed
677 797 718 854 ut
733 782 805 853 suis
822 805 905 853 eum
917 782 1067 856 vinculis
1079 801 1253 883 perpetuo

191 895 421 993 illaqueatum
432 909 620 968 coartaret.
633 895 873 968 Vehementer
886 899 982 969 enim
996 897 1142 971 dolebat
1155 901 1253 997 quod

192 1004 415 1084 lntioohiam
433 1011 500 1081 sibi
518 1009 721 1083 abstulerat.
736 1016 881 1084 Certum
898 1013 1067 1110 estquod
1085 1014 1162 1112 ipsa
1179 1040 1253 1087 me-

189 1125 459 1225 tropolis(l)dc
467 1126 618 1224 imperio
628 1128 1024 1226 Constantinopolitano
1032 1129 1175 1216 est3sed
1184 1131 1255 1200 vio-

188 1240 298 1313 lentia
316 1245 527 1330 Turonrum,
544 1266 604 1313 xtv
621 1243 723 1313 annis
741 1257 932 1339 antequam
951 1243 1136 1342 Cisalpini,
1151 1259 1254 1342 capta

189 1357 298 1448 urbe,
316 1359 526 1431 Qunam
547 1358 780 1449 occidissent,
806 1366 961 1458 Augusto
985 1360 1163 1433 subtracta
1186 1374 1250 1433 est.

189 1471 289 1544 ldem
308 1474 476 1574 prinoeps
487 1473 546 1569 jus
563 1499 667 1546 suum
684 1499 824 1574 semper
839 1475 1076 1547 calumniatus
1093 1491 1159 1563 est,
1173 1475 1249 1565 sed,

187 1587 367 1684 probitate
384 1593 678 1661 Normannorum
694 1591 821 1663 acriter
835 1590 1014 1678 obstante,
1032 1589 1153 1661 libitus
1169 1615 1253 1661 suos

189 1705 331 1804 explere
349 1706 550 1805 prohibitus
571 1722 635 1778 est.
655 1706 898 1790 Muluianum,
922 1704 1113 1802 multisque
1136 1706 1253 1776 modis

189 1823 358 1909 tentavi13
377 1847 485 1920 prece
501 1824 696 1920 precioque
708 1846 791 1919 erga
810 1826 971 1918 Paganos
982 1836 1018 1893 et
1034 1820 1253 1892 Christianos

189 1935 316 2010 bruna
331 1937 518 2026 laborarit,
534 1939 630 2034 quia,
647 1936 835 2008 conatibus
849 1935 942 2008 illius
958 1937 1115 2025 cassatis,
1131 1936 1252 2008 civitas

189 2052 384 2125 victoribus
413 2055 533 2143 cessit,
549 2053 618 2124 illis
638 2052 806 2150 equidem
826 2053 889 2150 qui
909 2053 1018 2124 nimia
1039 2053 1168 2124 virtute
1190 2051 1253 2123 de·

188 2167 289 2240 victis
300 2169 469 2265 Agarenis
485 2169 651 2240 eamdem
668 2170 764 2240 nacti
779 2169 935 2257 fuerant,
954 2183 990 2239 et
1007 2168 1194 2241 obtentam
1213 2169 1250 2239 in

187 2283 316 2356 virtute
325 2286 392 2357 Dei
404 2285 611 2358 mirabiliter
624 2285 907 2358 defensaverant.
921 2285 1154 2363 Dalimannus
1165 2310 1251 2357 vero

187 2398 398 2496 petitionem
412 2402 558 2497 Augusti
571 2402 784 2500 repudiavit,
806 2417 842 2473 et
859 2390 1124 2489 Buamundum,
1143 2426 1250 2497 quem

187 2515 290 2589 turci
317 2520 473 2588 Parvum
501 2521 618 2588 Deum
651 2518 935 2590 Christianorum
970 2517 1249 2616 nuncupabant,

187 2632 287 2702 omni
296 2633 506 2731 temporein
517 2633 669 2705 uinculis
682 2632 816 2705 habere
831 2632 1007 2722 decrevit3
1026 2632 1126 2730 quod
1144 2632 1253 2703 maxi·

187 2768 288 2821 mom
304 2747 415 2820 decus
426 2748 495 2846 legi
506 2774 579 2822 sua
592 2773 660 2848 pro
674 2750 789 2822 nihilo
804 2750 1008 2822 estimavit,

232 2862 392 2950 Quidam
403 2867 559 2956 crocus,
571 2879 734 2964 tempore
744 2871 957 2953 turcorum,
971 2862 1251 2962 patriarchatum

188 2976 382 3049 maoehiae
403 2978 627 3077 possidebat,
652 2982 713 3077 qui
735 2979 932 3052 victoribus
954 2977 1169 3049 Normannis
1193 2977 1249 3047 in-

187 3092 378 3165 “notabilis
397 3108 473 3165 erat
494 3094 561 3190 (2).
581 3100 671 3165 Nam
686 3097 771 3193 ipsi,
798 3112 992 3193 postqum
1010 3094 1251 3192 principatum

187 3204 306 3306 atlepti
316 3222 413 3297 sunt,
427 3207 626 3280 secundum
637 3211 727 3281 ritus
739 3210 857 3282 Latios
871 3210 1007 3282 clerum
1019 3223 1056 3289 et
1071 3207 1250 3307 populum

186 3319 377 3420 &ponere
393 3308 649 3416 decreverunt3
676 3325 777 3423 quod
800 3325 947 3422 Pelasgi,
970 3324 1106 3422 priscos
1132 3346 1250 3395 mores

187 3437 309 3527 nenti,
323 3438 407 3508 satis
414 3438 655 3535 incongruum
665 3465 742 3512 esse
750 3454 885 3512 temere
897 3452 1125 3513 censuerunt.
1137 3440 1250 3536 Capto

188 3565 305 3624 antem
318 3554 545 3646 Buamundo,
560 3581 724 3627 murmur
733 3572 853 3628 ortum
864 3571 917 3628 est
934 3555 971 3626 in
983 3554 1135 3655 populu,
1150 3556 1249 3651 quod

219 3795 259 3866 (1)
271 3795 361 3850 Notre
373 3805 474 3849 auteur
486 3814 500 3850 a
512 3796 729 3870 prohablement
737 3797 821 3852 voulu
833 3796 912 3851 dire:
925 3795 999 3850 l’une
1011 3795 1060 3849 des
1072 3794 1248 3868 nieuopoler.

219 3885 259 3955 (Ξ)
276 3885 360 3941 Cette
377 3888 511 3940 assertion
531 3887 599 3940 u’est
616 3903 664 3958 pas
676 3886 831 3942 heurenae:
854 3888 922 3940 Jean
935 3886 989 3953 lv,
1008 3885 1166 3958 patriarche
1185 3903 1249 3957 grec

189 3969 363 4042 tl'Antioche,
372 3992 408 4028 nc
417 3985 540 4046 pouvant
551 3976 626 4030 vivre
636 3993 672 4030 en
682 3975 776 4031 bonne
787 3976 874 4030 intelli
878 3993 964 4048 gance
974 3992 1039 4030 arec
1048 3975 1088 4030 les
1099 3975 1248 4030 Chretiens

189 4059 280 4131 latius,
296 4063 409 4120 maltres
425 4064 461 4120 de
478 4077 552 4122 cette
568 4066 645 4133 ville,
664 4066 753 4121 s'etait
769 4066 878 4140 relugie'
895 4070 911 4121 a
930 4064 1158 4137 Constantinople
1175 4061 1247 4116 deur

190 4152 254 4205 mois
269 4153 349 4226 apres
360 4153 460 4226 qu'elle
471 4153 514 4209 sut
528 4154 638 4209 tombee
651 4165 732 4210 entre
744 4153 820 4210 lettn
833 4155 932 4210 mains.
