3130 5058
153 522 266 602 [uso]
494 519 612 582 unm
634 517 873 586 uunnctuus.
1151 525 1211 586 sor

154 653 254 753 poris
271 649 552 751 intercapedine,
572 649 667 752 prob
683 649 804 726 dolor!
824 649 977 724 duravit.
998 656 1084 726 Fere
1100 652 1212 730 tribus

153 769 258 842 annis
275 767 479 841 dominatus
495 783 565 860 est,
588 782 625 842 et
642 768 827 866 repentine
841 781 936 840 sorte
951 791 1035 842 eum
1048 768 1212 844 lamentis

153 881 318 982 pluribus
334 907 377 955 ae
392 881 532 961 demnis
548 883 735 983 prolapsus
751 882 834 979 est(
858 881 886 979 ).

203 995 344 1097 [tt3tt.]
371 999 466 1072 Ortis
494 999 591 1072 enim
620 995 835 1096 quibusdem
857 995 1092 1072 simultatibus
1118 998 1211 1072 inter

153 1109 364 1186 christianos
375 1114 566 1212 principes,
579 1112 830 1186 Buamundum
842 1126 879 1184 et
890 1116 1045 1186 Leonem
1055 1113 1212 1186 Armeni-

153 1251 252 1317 eum,
269 1227 482 1302 damnabilis
501 1229 679 1302 temeritas
696 1227 743 1302 de
759 1241 873 1326 strage
889 1225 1061 1302 Fidelium
1074 1229 1212 1327 peperit

152 1343 353 1418 Gentilibus
365 1345 521 1420 victorie
537 1344 720 1442 gaudium.
740 1345 906 1416 Prnlatus
922 1347 993 1416 teo
1006 1343 1151 1416 Turoldi
1164 1343 1211 1416 de

152 1461 415 1537 llontaniserat
424 1460 517 1536 filius
528 1460 598 1557 (2),
615 1475 650 1532 et
661 1461 781 1534 uxoris
790 1457 988 1532 buamundi
998 1456 1208 1547 avunculus,

151 1591 279 1650 eontra
291 1602 398 1676 quem
415 1578 512 1650 idem
523 1577 665 1675 juvenis
679 1579 870 1652 exereitum
889 1575 1101 1673 aggregavit,
1119 1589 1156 1646 et
1173 1575 1209 1650 in

151 1689 319 1764 hostilem
332 1707 461 1765 tenum
473 1691 604 1766 ducere
615 1693 734 1792 ooepit.
748 1695 820 1779 Qui
831 1715 915 1764 cum
925 1690 973 1763 nd
984 1690 1132 1762 fluvium
1144 1693 1212 1762 Eu·

150 1803 304 1904 pbrntea
326 1807 560 1904 pervenisset,
586 1805 705 1903 ibique
724 1820 840 1878 castra
860 1819 1011 1878 metrtus
1028 1803 1166 1892 fuisset,
1188 1825 1211 1876 a

150 1920 312 2018 quodem
328 1922 495 1995 Armenio
510 1921 647 1999 audivit
664 1918 765 2018 quod
779 1921 874 1992 Arnir
886 1918 1043 2016 Sanguin
1057 1917 1113 2016 (3)
1125 1941 1210 1990 enm

149 2035 285 2131 ingenti
298 2035 474 2135 phalange
489 2041 685 2110 'lurcorum
698 2034 1052 2134 appropinquanti,
1068 2046 1104 2106 et
1120 2030 1210 2106 lines

149 2147 434 2224 Christianorum
453 2152 652 2252 irrumpere
674 2151 901 2251 disposuerit.
927 2149 989 2222 llle
1009 2163 1147 2236 autem,
1172 2150 1209 2221 in

150 2263 255 2336 initio
266 2265 483 2350 ineredulus,
500 2265 748 2340 certitudinem
762 2267 814 2340 tei
826 2265 1049 2366 perquisivit,
1063 2263 1211 2362 aliisque

149 2378 365 2452 relatoribus
378 2403 455 2454 non
471 2380 640 2472 eredens,
659 2395 771 2454 eoetrrs
788 2406 872 2455 suos
891 2380 1051 2479 reliqmt,
1074 2394 1110 2452 et
1125 2401 1210 2452 nnn

148 2515 193 2568 ec
203 2493 412 2591 juvenibus,
435 2511 476 2569 ut
492 2495 709 2595 exploraret,
726 2521 836 2597 super
853 2496 1031 2570 excelsum
1047 2509 1209 2570 montem

148 2607 323 2683 aseendit.
352 2609 456 2684 Unde
480 2635 530 2684 vu
555 2610 823 2711 pabulntorum,
850 2613 913 2710 qui
940 2608 1206 2711 prmsedebant,

148 2735 286 2797 turmas
294 2727 487 2823 prospexit.
499 2730 600 2813 Quos
610 2727 872 2826 parvipendens
883 2727 1023 2816 invasit,
1037 2725 1209 2798 acerrime

149 2837 327 2928 eonllixit,
352 2863 445 2936 pene
470 2863 597 2914 omnes
619 2839 768 2932 oceidit,
793 2865 991 2940 omnesque
1010 2863 1113 2928 suos,
1137 2839 1208 2912 nisi

149 2975 198 3022 xx
216 2951 362 3042 milites,
390 2951 556 3052 perdidit.
584 2957 721 3028 interea
743 2953 1010 3029 innumerabiis
1033 2953 1209 3026 exercitur

148 3067 385 3166 appropiavit,
405 3071 568 3166 Cumque
588 3069 720 3146 residui
741 3093 908 3146 enormes
929 3085 1064 3143 turmas
1084 3068 1208 3144 adease

184 3363 224 3434 (t)
242 3359 330 3417 Notre
348 3371 448 3417 auteur
462 3363 557 3437 repete
569 3364 605 3420 ici
617 3382 667 3420 son
679 3367 812 3421 assertion
826 3384 874 3420 sor
887 3365 926 3420 les
938 3363 1090 3439 pretendns
1104 3365 1144 3420 rix
1158 3383 1207 3419 ana

148 3447 184 3505 de
203 3450 335 3523 eaptivitd
350 3448 387 3504 de
407 3450 563 3508 bandonin.
582 3453 624 3508 En
642 3451 788 3508 re'dnisant
805 3471 837 3508 ce
853 3453 941 3512 ealcul
957 3471 1005 3509 sur
1021 3453 1071 3510 des
1084 3453 1207 3510 donneea

148 3536 212 3610 plns
222 3547 343 3604 essetea,
356 3556 429 3594 nous
440 3557 565 3612 pourona
576 3541 669 3615 plener
680 3561 716 3597 en
728 3543 799 3600 ttttt
809 3561 847 3598 ou
859 3547 929 3602 ttts
940 3543 1078 3618 leroynge
1089 3541 1125 3599 de
1137 3542 1207 3598 noe·

148 3623 234 3684 nond
247 3624 274 3679 11
288 3643 324 3682 en
338 3625 491 3698 Palestlne,
505 3639 534 3684 et
545 3647 653 3686 nomme
667 3629 688 3688 il
705 3649 740 3688 ne
754 3633 828 3706 perit
840 3633 924 3707 qu‘en
937 3637 1021 3700 4130,
1040 3632 1061 3689 il
1076 3632 1147 3688 n'est
1158 3647 1207 3704 par

148 3723 227 3773 enat
238 3713 274 3769 de
285 3713 347 3771 dire
360 3716 429 3789 qn'il
440 3717 485 3772 n’a
495 3717 660 3778 administre
671 3737 700 3776 an
713 3721 888 3796 prtneipantd
898 3739 955 3796 que
967 3721 1091 3797 pendant
1101 3741 1139 3778 nn
1151 3739 1207 3797 pen

149 3801 240 3858 moins
251 3800 287 3858 de
298 3803 369 3858 trois
380 3821 438 3859 ans.

183 3889 222 3962 (2)
241 3889 278 3945 Le
290 3890 386 3964 prinee
398 3891 561 3950 d’Armdnie
574 3895 670 3951 n‘e'talt
678 3896 759 3970 point
769 3897 811 3953 fils
822 3897 858 3954 de
871 3899 996 3964 Tboroa,
1011 3900 1079 3954 utris
1091 3897 1127 3954 de
1141 3896 1207 3955 Gs-

147 3973 234 4042 brist,
250 3977 347 4049 prinee
361 3976 397 4034 de
409 3978 555 4048 blelitdne,
570 3999 679 4038 comme
694 4003 765 4040 nous
782 3985 884 4042 larona
899 3986 961 4060 de'ji
978 3986 1030 4044 dit.
1048 3987 1073 4044 Il
1090 3987 1162 4050 avait
1179 3985 1204 4040 la

148 4067 227 4126 reios
239 4067 371 4141 ttorphte
383 4087 455 4142 pour
468 4087 543 4128 aoenr
556 4083 585 4128 et
597 4072 708 4130 Tharros
721 4092 794 4148 pour
806 4075 879 4139 frere
891 4077 986 4149 putus.

183 4157 225 4226 (³)
244 4155 418 4214 Emadeddin
434 4159 558 4235 Zenglri,
575 4161 667 4222 suun
681 4162 717 4218 de
732 4164 851 4222 llorronl
867 4174 898 4222 et
911 4163 1018 4238 d'Alep.
1035 4165 1088 4222 Cet
1104 4167 1204 4224 everw-

149 4261 227 4304 nrent
239 4260 287 4306 ent
298 4249 356 4308 lieu
368 4269 403 4308 en
416 4256 503 4326 star,
516 4273 624 4312 nomme
636 4275 706 4313 nour
720 4275 823 4314 renone
833 4257 869 4315 de
881 4258 907 4312 le
917 4257 989 4314 dire.
