3190 5064
381 485 442 545 ne
650 467 834 542 sistenti
857 481 1160 542 sccamttsncs.
1233 484 1318 561 pov.
1340 485 1431 564 riso]

379 612 622 686 interfectione
640 617 792 685 Ammon
817 611 874 684 vel
894 612 1047 684 Absalcn
1069 611 1269 685 acerbiores
1289 627 1432 709 questus

380 728 585 826 depromsit.
605 732 717 800 Tanto
741 729 859 825 itaque
883 741 1036 827 patrono
1060 729 1240 826 plorante,
1265 729 1431 802 omnibus

379 844 478 940 regni
490 841 570 914 liliis
582 842 701 941 palam
714 842 799 914 flere
814 843 926 932 lictut,
944 857 979 914 et
994 842 1199 940 hujusmodi
1214 842 1331 914 luctare
1341 846 1430 917 mul·

379 959 422 1030 tis
436 956 562 1028 diebus
582 955 798 1054 perduravit.
823 956 1053 1029 Guillelmum
1076 957 1303 1056 Adelingum,
1326 983 1431 1055 quem

378 1071 513 1169 Anglici
534 1073 634 1167 regni
654 1071 850 1168 legitimum
867 1070 1039 1144 heredem
1059 1071 1217 1149 arbitrati
1237 1086 1338 1160 sunt,
1361 1087 1430 1146 tam

376 1188 497 1261 subito
521 1188 659 1287 lapsum
683 1213 767 1259 cum
793 1188 881 1260 flore
906 1187 1067 1286 specialis
1091 1186 1287 1260 nobilitatis
1308 1212 1431 1261 omnes

377 1304 586 1401 generaliter
607 1303 791 1401 plangtmt.
815 1306 893 1375 lam
910 1302 1116 1376 adolescens
1133 1302 1205 1374 fere
1225 1327 1299 1375 xvn
1319 1327 1431 1376 anno·

375 1445 457 1491 rum
470 1418 698 1518 pubescebat.
718 1422 796 1488 lam
812 1441 1020 1513 generosam
1036 1417 1244 1506 Matbildem
1260 1418 1327 1491 sibi
1344 1443 1431 1517 pene

375 1558 531 1608 coaevam
540 1535 731 1631 conjugem
742 1533 902 1606 duxerat.
915 1537 993 1606 lam
1002 1534 1100 1631 jussu
1113 1535 1223 1632 patris
1232 1531 1432 1609 hominium

252 1745 256 1753 ,
376 1652 484 1724 totius
493 1652 593 1748 regni
601 1650 814 1749 optimatum
824 1649 922 1722 laetus
931 1664 1128 1749 acceperat.
1141 1655 1182 1722 ln
1194 1649 1256 1722 illo
1265 1665 1431 1749 paternus

376 1791 492 1860 amor,
513 1765 709 1866 populique
726 1789 806 1864 spes
822 1786 947 1837 secura
958 1764 1173 1862 quiescebat.
1192 1767 1339 1854 Verum,
1357 1790 1432 1863 que

377 1905 531 1980 superna
555 1880 717 1978 Majestas
737 1878 783 1950 de
806 1902 873 1950 suo
893 1877 1064 1976 plasmate
1085 1878 1346 1978 inculpabiliter
1365 1880 1431 1954 dis·

375 1998 491 2096 ponit,
507 2022 569 2070 rea
581 2009 811 2096 peccatorum
822 1993 1003 2093 lippitudo
1016 1995 1224 2090 investigare
1235 1994 1294 2066 vel
1306 1996 1431 2066 intumi

375 2114 522 2211 nequit,
551 2112 668 2184 donec
697 2109 870 2184 scelerosa
894 2109 1084 2184 bominum
1110 2112 1314 2209 captivitas,
1346 2112 1432 2184 sicut

375 2228 480 2324 piscis
501 2228 628 2320 hamo,
655 2228 711 2302 vel
734 2226 808 2298 avis
827 2224 974 2322 laqueo,
996 2224 1128 2298 irretita
1153 2225 1214 2317 sit,
1236 2239 1272 2298 et
1288 2228 1433 2298 miseriis

375 2341 535 2435 undique
552 2340 856 2414 irremediabiliter
872 2341 1032 2413 involuta
1048 2341 1102 2412 sit.
1122 2345 1217 2414 Dum
1233 2341 1331 2412 enim
1347 2367 1431 2440 pre·

375 2455 524 2530 stolatur
539 2455 812 2552 longevitatem,
832 2454 1090 2530 beatitudinem
1109 2472 1145 2530 et
1165 2453 1430 2547 sublimitatem,

375 2570 494 2642 subito
512 2571 662 2643 incurrit
676 2571 783 2643 citam
800 2573 1008 2672 perniciem,
1028 2573 1206 2646 miseriam
1217 2587 1253 2644 et
1268 2571 1434 2670 dejectio-

374 2708 472 2778 nem,
489 2699 529 2756 ut
537 2686 574 2757 in
587 2684 804 2782 quotidianis
815 2686 1001 2759 eventibus
1013 2685 1060 2760 ab
1071 2688 1173 2760 initio
1183 2685 1312 2760 mundi
1324 2709 1432 2786 usque

374 2798 413 2870 in
440 2799 658 2872 hodiernum
688 2800 803 2892 diem,
832 2816 906 2876 tam
922 2801 1117 2876 ‘modernis
1144 2825 1254 2900 quam
1280 2803 1432 2900 antiquis

375 2913 697 3012 approbationibus
713 2915 936 2988 manifestam
953 2914 1091 3014 liquido
1108 2915 1290 2988 advertere
1308 2937 1430 3014 pomu-

375 3053 456 3102 mus
474 3032 715 3104 ostensionem
731 3031 796 3128 (l).

425 3149 569 3221 lloestus
587 3171 648 3218 rex
666 3144 759 3218 filios
781 3161 817 3218 et
837 3145 967 3218 electos
990 3146 1142 3236 tirones,
1167 3146 1430 3245 praecipuosque

397 3413 449 3485 il)
463 3411 551 3468 Notre
560 3409 669 3477 adtenr,
683 3427 747 3465 avec
760 3425 788 3463 sa
800 3405 950 3463 discretior
962 3403 1114 3476 ordinaire,
1128 3404 1275 3482 n'indique
1286 3425 1343 3482 que
1353 3405 1430 3462 d'ranr

375 3501 500 3555 muniere
516 3493 673 3572 uta-vagae
687 3497 715 3552 lc
727 3497 877 3570 jugement
890 3514 948 3569 que
961 3495 1096 3568 l’opinioc
1112 3491 1262 3568 publiqae,
1278 3505 1307 3551 et
1325 3504 1430 3550 sartum

376 3587 445 3646 ode
455 3587 495 3644 du
508 3588 615 3662 clerge,
630 3598 711 3662 porta
726 3605 774 3644 sur
788 3603 819 3642 ce
834 3583 956 3640 desastre
971 3609 976 3638 :
991 3584 1056 3640 c’est
1069 3584 1138 3662 qu'il
1153 3602 1188 3640 ne
1204 3584 1248 3640 tut
1264 3583 1352 3657 qu’un
1361 3584 1429 3656 justa

377 3677 531 3732 obritiment
551 3675 587 3729 de
606 3676 631 3730 la
652 3675 743 3732 colere
762 3673 862 3729 celeste
876 3690 949 3748 pour
965 3690 1003 3727 un
1022 3673 1080 3726 vice
1098 3671 1213 3734 intime,
1237 3670 1430 3744 tres-repanda

376 3763 466 3839 parmi
482 3760 520 3815 les
531 3762 629 3833 jeunes
641 3764 786 3835 seigneurs
799 3775 940 3834 passagers
952 3759 987 3814 de
1001 3758 1027 3812 la
1037 3755 1250 3831 Bloncbe-Nes.
1265 3757 1302 3813 Le
1314 3759 1370 3812 duc
1381 3757 1431 3812 llo·

377 3857 440 3911 bert
452 3871 487 3908 en
502 3851 569 3906 e'tait
586 3850 732 3906 lui-meme
746 3849 955 3924 generalemeut
966 3850 1078 3916 accuse,
1092 3863 1204 3903 manne
1213 3865 1250 3903 οι
1264 3865 1280 3902 a
1292 3863 1332 3920 pu
1342 3845 1368 3902 le
1377 3843 1431 3900 rolr

377 3942 527 4009 ci·dessus‚
541 3950 568 3995 et
583 3940 683 4010 passait
695 3957 768 4012 pour
780 3940 876 3994 l’avoir
888 3939 1019 4011 rapporte
1031 3938 1066 3992 de
1078 3937 1210 3994 l‘Orient.

413 4034 463 4088 Les
477 4027 592 4103 Anglais
605 4029 790 4098 regretterent
803 4045 857 4100 peu
870 4027 897 4080 le
908 4027 994 4096 jeune
1008 4027 1120 4098 prinae,
1135 4026 1185 4100 qui
1200 4025 1240 4080 les
1254 4024 1360 4080 traitait
1372 4041 1429 4077 avec

377 4123 521 4194 beaucoup
537 4118 572 4174 de
590 4118 711 4172 hauteur
729 4117 810 4172 etde
828 4117 953 4188 crept-is:
968 4116 1026 4172 Iste
1047 4114 1217 4181 melmae,
1235 4114 1429 4186 pnirrcgenitus

380 4213 502 4274 isaurici,
520 4209 615 4280 palam
629 4209 809 4262 comminatus
816 4202 919 4275 suerat
935 4205 1041 4274 Anglir
1053 4204 1129 4276 quod
1142 4206 1167 4256 si
1180 4201 1335 4274 elimando
1347 4201 1428 4254 demi·
