2888 4934
208 451 268 513 308
481 447 663 509 ursionis
684 447 991 511 Ecciiastssitct.
1159 450 1260 531 [1111]

209 583 383 655 concessit
410 580 638 652 Britanniam.
666 584 869 678 Fergannus
898 582 1049 673 etenim,
1080 582 1261 656 Britonim

209 699 387 799 princeps,
401 695 513 768 homo
524 695 614 792 regis
629 695 824 793 lngiorum
834 697 909 794 jain
924 697 1039 770 factus
1051 697 1185 771 iuerat.
1195 699 1261 771 aei

208 817 499 901 autcmConano,
514 809 587 883 filio
599 812 688 909 ejus,
704 800 813 885 filium
825 835 930 886 suan
938 812 1190 912 spoponderat
1197 813 1260 912 (1)

208 934 321 1002 Porio
337 927 558 1001 llaimericus
576 924 623 998 de
642 925 800 1000 Vilersio
814 925 889 1024 (2),
909 927 1045 1026 aliique
1060 927 1262 1001 Balsama·-

205 1044 300 1118 sium
312 1067 493 1143 proceres,
506 1040 638 1140 quibus
645 1041 855 1115 Gin'llelmus
863 1042 1081 1132 Talamcins,
1094 1042 1264 1118 Rndlieiti

206 1157 312 1245 filius,
331 1157 507 1258 oppidum
525 1158 768 1245 commiserat,
793 1156 882 1231 dum
905 1159 984 1258 ipse
1005 1157 1051 1231 ad
1071 1157 1262 1234 mund-i

206 1275 398 1346 Pontivum
421 1274 628 1345 comitatum
657 1298 763 1347 snum
789 1272 942 1365 abicam,
971 1271 1204 1348 confidentes

204 1388 339 1484 ingenti
354 1388 561 1461 munitionis
581 1387 789 1460 fortitudine
808 1402 846 1460 et
863 1402 1088 1461 unamm-
1105 1387 1263 1463 undum

204 1501 301 1594 dinc,
315 1501 363 1574 ad
375 1502 611 1576 resistendum
622 1503 848 1603 impugnanti
861 1501 1010 1576 cuilibet
1021 1502 1153 1576 scrita
1166 1520 1263 1602 pua·

202 1632 332 1690 verunt
346 1642 399 1691 se.
419 1622 491 1691 Rex
509 1633 629 1692 autem
645 1619 820 1693 Henricus
835 1619 1031 1692 exercitum
1046 1619 1161 1692 totins
1176 1623 1262 1692 lien·

202 1735 355 1806 manniae
364 1735 603 1833 congregavit,
617 1733 823 1808 Bellisrnuin
835 1733 1093 1806 kalendismaii
1105 1733 1260 1823 obssih,

201 1849 307 1948 cique
320 1864 407 1922 tunc
423 1875 487 1950 spe
503 1850 634 1924 melius
649 1849 789 1923 accidit.
807 1848 1009 1922 iedhddus
1030 1872 1120 1920 vero
1140 1872 1260 1922 oon

201 1965 392 2056 Blesensis,
415 1979 451 2038 et
468 1966 577 2039 Fulco
596 1966 874 2064 indagavensis,
895 1980 1002 2063 atque
1022 1967 1141 2038 liotro·
1155 1963 1260 2038 llari·

201 2080 370 2153 toniensis
393 2080 465 2179 (3),
494 2081 623 2179 aliique
648 2080 806 2181 praeclari
831 2082 1022 2180 optimates
1044 2080 1260 2155 Nomium

199 2197 380 2294 suppetiae
395 2211 589 2287 venerunt,
610 2211 748 2271 etcum
766 2196 838 2269 suis
858 2194 1059 2295 agminibus
1080 2194 1259 2295 oppidum

198 2310 531 2402 circumdederunt,
556 2336 598 2384 ac
618 2313 720 2386 tertia
741 2310 800 2384 die
818 2312 972 2386 victores
990 2311 1142 2408 ingiessi
1163 2322 1257 2383 sint.

197 2426 360 2498 inventio
383 2428 519 2526 quippe
538 2430 675 2500 Sanctae
696 2427 820 2499 Crucis
843 2439 937 2514 erat,
964 2440 1001 2498 et
1024 2450 1087 2498 rex
1111 2448 1261 2498 omna·

195 2541 391 2616 exercitum
407 2541 454 2615 ab
471 2542 603 2614 assultu
624 2541 768 2642 oppidi,
791 2556 828 2614 et
847 2541 1017 2614 exercitio
1033 2539 1123 2613 belli
1142 2541 1259 2640 quio·

164 2735 165 2738 ,
195 2681 276 2729 cere
288 2657 451 2754 jusserat.
472 2656 543 2729 Sed
559 2657 687 2730 milites
703 2659 879 2730 comitum
892 2654 1064 2728 Tedhsldi
1080 2671 1118 2729 et
1134 2661 1259 2730 Ruti-n

195 2775 268 2865 nis,
291 2775 354 2871 qui
371 2773 464 2870 regis
479 2772 639 2846 salictum
652 2798 729 2845 non
748 2772 958 2863 audierant,
975 2796 1076 2845 arma
1092 2795 1256 2872 sumpsi-

193 2904 291 2961 iunt.
318 2888 502 2990 Oppidani
527 2913 673 2988 quoque
695 2889 842 2980 milites,
867 2886 1037 2985 singulari
1063 2889 1260 2963 cennius

193 3003 408 3096 dimicaturi,
427 3004 473 3077 de
489 3019 606 3078 castro
624 3005 755 3102 egressi
771 3018 867 3077 sunt.
891 3008 1023 3092 Porro,
1050 3002 1141 3076 dum
1161 3003 1258 3076 obsi·

193 3116 319 3191 dentes
334 3121 371 3192 in
388 3120 468 3193 illos
486 3120 623 3192 fortiter
638 3121 827 3210 inserent,
848 3133 883 3192 et
897 3119 964 3217 ipsi
980 3119 1142 3215 regiratis
1157 3116 1258 3217 equis

193 3233 242 3306 ad
261 3251 403 3334 portani
426 3235 823 3311 orientalemiclociter
839 3235 1012 3332 fugerent,
1035 3234 1181 3332 inipso
1199 3232 1257 3306 in·

225 3483 267 3554 (1)
285 3483 382 3537 Conau
393 3483 452 3553 Ill,
466 3484 509 3539 dit
521 3484 548 3540 le
559 3484 649 3550 Gros,
665 3484 721 3538 duc
735 3481 770 3537 de
783 3483 928 3553 Bretagne.
944 3480 1022 3535 Nous
1034 3496 1191 3552 supposons
1202 3495 1256 3552 que

191 3568 253 3641 dejl
265 3588 314 3625 soii
330 3570 395 3643 pere
407 3570 489 3627 Alain
503 3572 625 3645 Fergant
637 3570 677 3626 lui
689 3571 761 3626 'imit
772 3568 937 3625 abandonne'
948 3567 975 3623 le
986 3579 1208 3641 gouvernemeat
1218 3567 1255 3624 dn

191 3658 298 3727 ducite,
312 3676 385 3733 pour
398 3677 427 3715 se
438 3663 540 3718 istim
552 3665 568 3718 i
583 3660 706 3734 l’abbaye
717 3658 753 3716 de
766 3659 882 3730 Redou,
897 3660 935 3714 cii
948 3657 968 3714 il
983 3657 1046 3714 finit
1059 3675 1102 3713 ses
1113 3659 1205 3731 jonis.
1220 3658 1255 3714 la

191 3749 314 3821 mariage
329 3747 365 3803 de
380 3749 478 3804 Coum
493 3768 556 3805 arec
572 3747 723 3818 mathilde,
739 3747 795 3804 lille
806 3746 942 3803 natur-elle
953 3745 990 3802 dc
1002 3746 1092 3802 llenri
1106 3748 1153 3814 1·,
1167 3765 1203 3802 ne
1214 3747 1256 3801 int

189 3856 237 3911 pis
250 3838 386 3904 hunicus,
400 3848 429 3892 ct
440 3856 472 3892 oc
484 3840 616 3912 seigneur
625 3855 655 3893 se
663 3847 728 3893 crnt
739 3836 834 3911 obligd
841 3835 877 3893 ile
888 3835 1040 3892 disarow
1051 3835 1079 3891 le
1090 3835 1153 3890 seul
1162 3835 1257 3892 eniant

189 3927 260 3982 mile
273 3928 323 4001 qui
334 3926 378 3982 stu
389 3944 512 3999 prosenu
523 3925 558 3981 de
571 3926 632 3982 leur
643 3927 741 3982 union.

224 4018 263 4087 (2)
281 4017 321 4071 Cc
336 4014 427 4070 devait
443 4015 503 4071 titre
518 4015 544 4071 le
561 4014 751 4071 filsd’Aiiueii
765 4012 936 4081 devincti,
952 4012 1022 4068 dont
1035 4031 1108 4070 nous
1124 4031 1210 4071 arans
1220 4031 1254 4068 in

187 4103 212 4160 la
226 4105 265 4160 sin
276 4105 420 4178 tragique,
435 4104 587 4170 ci-dessus‚
604 4113 625 4157 t.
638 4105 683 4172 Il,
699 4123 727 4176 p.
741 4106 803 4162 298.

222 4195 261 4263 (3)
281 4193 403 4261 listron,
419 4192 566 4248 deuxiime
578 4191 616 4245 du
630 4210 710 4260 nom,
725 4201 816 4247 comte
830 4189 869 4245 da
883 4189 1001 4246 Perchc.
