2888 4934
192 423 299 503 [1124]
501 423 618 485 trusa
637 424 903 487 ouonsctuus.
1184 427 1245 495 tos

189 556 408 653 regionibus.
432 559 503 627 Rex
528 559 646 655 itaque
668 573 778 631 totam
802 559 1062 657 possessionem
1083 557 1245 633 ditissimi

189 674 346 747 consulis
362 672 516 745 obtinuit
533 675 570 745 in
592 677 769 764 Neustria,
793 677 980 773 ipsumque
999 699 1080 747 cum
1101 674 1245 749 duobus

191 788 337 861 sororiis
345 789 417 860 suis
424 804 502 862 arta
512 791 662 866 servavit
671 790 846 864 custodia.
860 790 997 863 Deinde
1009 804 1091 888 post
1099 790 1245 885 aliquod

191 919 333 1003 tempus
343 906 411 1003 ipsi
423 920 493 977 tres
504 907 540 977 in
556 906 718 1002 angliam
729 908 933 997 missisunt,
952 921 987 978 et
1002 931 1123 978 comes
1140 922 1245 1005 atque

191 1024 294 1117 Hugo
311 1020 404 1093 filius
419 1022 577 1094 Gervasii
594 1023 752 1118 quinque
769 1025 871 1095 annis
891 1024 927 1095 in
946 1047 1086 1095 carcere
1101 1023 1246 1094 coerciti

190 1150 286 1207 sunt.
308 1139 411 1231 Hugo
430 1150 549 1208 autem
570 1135 616 1207 de
633 1138 867 1209 Monte-Forti
883 1137 957 1234 jam
981 1161 1046 1207 xur
1069 1136 1172 1207 annis
1191 1135 1246 1232 (l)

189 1249 388 1322 vinculatus
412 1252 562 1347 gemuit,
588 1275 654 1322 nec
675 1275 742 1348 pro
768 1276 830 1342 ec,
855 1253 938 1349 quia
961 1252 1037 1323 sine
1059 1251 1246 1322 occasione

189 1366 329 1461 gravim
349 1365 516 1459 ollcndit,
538 1366 664 1463 aliquis
683 1368 881 1439 amicorum
902 1367 979 1463 ejus
997 1389 1116 1462 regem
1137 1365 1245 1436 inter·

190 1481 320 1578 pellare
337 1483 528 1579 praesumit.

237 1602 310 1669 XL.
329 1597 537 1670 Benedictus
546 1603 655 1693 Deus,
669 1601 732 1696 qui
745 1613 873 1672 cuncta
886 1596 981 1669 bene
993 1596 1164 1695 disponit,
1183 1597 1246 1693 qui

188 1711 364 1786 salubrius
380 1737 487 1809 quam
509 1714 576 1811 ipsi
595 1728 720 1813 optant
738 1713 942 1785 mortalium
962 1736 1085 1783 cursus
1107 1710 1244 1806 dirigit,

189 1841 224 1898 et
239 1828 412 1924 aequitatis
427 1852 574 1900 examen
595 1829 632 1899 in
649 1829 827 1900 territorio
845 1827 956 1899 Rubri
972 1827 1175 1898 Monasterii
1194 1825 1248 1922 (2)

188 1941 247 2038 pie
264 1941 590 2040 contemplantibus
607 1939 876 2014 demonstravitt
899 1945 1002 2012 Anno
1020 1941 1154 2038 quippe
1172 1944 1246 2010 Do·

189 2056 328 2127 minicae
342 2059 598 2129 incarnationis
609 2072 652 2130 ψ
670 2071 704 2130 c⁰
718 2071 818 2129 xxrv⁰
835 2056 1020 2128 victoriam
1037 2055 1135 2152 pacis
1148 2077 1246 2125 ama-

188 2169 326 2242 toribus
350 2172 517 2262 contulit,
546 2186 582 2244 et
607 2172 813 2245 temerarios
842 2168 1111 2268 proturbatores
1139 2168 1246 2240 totius

187 2286 379 2382 provinciae
398 2287 576 2378 confudit,
598 2301 635 2358 et
651 2285 868 2384 complicum
886 2283 1079 2367 scelerosos
1098 2297 1247 2354 conatus

187 2398 349 2496 ipsorum
368 2401 625 2499 impedimento
647 2400 752 2473 celeri
780 2399 974 2498 dissipavit.
1002 2402 1043 2470 ln
1068 2397 1128 2470 illa
1150 2398 1246 2469 enim

188 2515 384 2613 septimana
404 2517 632 2589 decreverant
654 2515 829 2615 oppidani
850 2541 901 2586 vu
924 2514 1150 2586 castellorum
1169 2535 1247 2607 quae

188 2631 326 2702 consita
341 2645 423 2702 sunt
434 2633 471 2702 in
484 2633 664 2704 lexovino
676 2631 733 2701 vel
745 2629 901 2701 Uticensi
916 2651 1021 2725 pago,
1037 2627 1074 2696 in
1087 2623 1247 2697 confinio

188 2744 320 2817 scilicet
336 2747 509 2843 ipsorum,
529 2761 568 2817 ut
585 2769 622 2816 se
638 2745 705 2816 illis
721 2745 978 2840 conjungerent
993 2740 1039 2813 ad
1055 2740 1248 2813 detrimen-

187 2873 265 2937 tum
294 2859 501 2931 multorum.
534 2864 636 2956 Hugo
664 2859 796 2957 quippe
827 2856 872 2928 de
901 2856 1066 2928 Plessicio
1093 2855 1149 2952 (3)
1172 2856 1247 2952 jam

188 2973 584 3046 Pontem-Erchenfredi
609 2972 733 3045 dolose
756 2957 961 3062 invaserat,
975 2986 1011 3043 et
1034 2970 1247 3046 auxiliuma

189 3089 438 3162 confoederatis
467 3087 658 3161 rebellibus
690 3086 900 3159 fiducialiter
933 3085 1153 3183 expectabat.
1188 3087 1247 3158 Sic

190 3204 388 3302 municipes
403 3205 524 3302 Sappi,
541 3202 733 3274 Benefactae
748 3217 783 3274 et
800 3199 964 3290 Orbecci,
983 3199 1113 3298 aliique
1128 3200 1247 3299 plures

189 3345 261 3418 prae
274 3321 401 3394 timore
417 3320 586 3420 placitum
596 3345 680 3393 cum
692 3320 741 3391 eis
753 3318 925 3409 lecerunt,
939 3318 1111 3415 quoniam
1122 3332 1247 3390 contra

189 3433 313 3531 ingens
328 3436 440 3508 robur
452 3460 579 3507 eorum
590 3436 683 3505 vires
701 3457 763 3506 seu
782 3431 1107 3530 magnanimitatem
1122 3432 1245 3504 defen·

223 3710 262 3782 (t)
281 3711 320 3767 Ce
337 3729 449 3784 passage
469 3711 558 3784 paralt
576 3711 652 3765 avoir
668 3712 713 3766 ete
731 3711 802 3765 ecrit
818 3728 853 3766 en
866 3712 953 3779 4435,
970 3719 1052 3765 avaut
1072 3709 1097 3764 la
1117 3719 1192 3764 mort
1209 3709 1245 3763 de

190 3798 513 3962 Hllllllobgemoutien
524 3899 625 3944 canton
638 3888 674 3943 de
686 3887 804 3944 Routot.
1119 3942 1136 3955 ἢ,

225 3979 266 4046 (3)
283 3976 496 4031 Probablemeut
509 3976 535 4030 le
549 3974 662 4047 Plessis,
676 3986 756 4032 entre
767 3975 887 4030 Anneius
903 3985 931 4029 et
943 3956 1242 4044 Pom-lichanlredau·

186 4062 332 4134 jourd'bui
347 4063 729 4149 Notre-Damc·du·Hamel).
746 4065 847 4123 C'etait
860 4083 898 4120 un
911 4063 985 4137 pleiu
1004 4063 1052 4118 ttet
1062 4061 1098 4116 dc
1110 4062 1244 4134 haubert,

190 4152 311 4207 relevant
323 4151 358 4208 de
370 4152 603 4208 Pont-Eehanlre.
