2888 4934
188 433 299 508 [1100]
563 431 680 492 naen
701 432 886 493 necinus.
1193 437 1247 492 mr

190 561 290 634 leant
309 562 353 634 de
372 563 532 661 periculo
554 567 679 635 morta
701 563 858 637 evadere.
885 568 965 635 Dux
994 578 1112 635 autem
1136 563 1251 659 longae

189 675 373 751 laboribus
399 681 690 779 peregrinationis
716 665 866 772 fractus,
899 661 934 752 et
960 680 1071 776 magis
1094 682 1251 779 quietem

189 792 272 864 lecti
287 820 395 891 quam
413 795 580 869 bellicum
598 796 759 869 laborem
782 797 972 895 complecti
996 797 1165 894 cupidus,
1187 822 1252 895 per

191 906 346 1004 legatum
365 912 548 985 mandavit
575 910 728 984 obsessis
749 928 790 985 ut
810 913 999 984 honestam
1020 937 1146 1010 pacem
1168 938 1252 985 cum

190 1023 439 1098 obsidentibus
462 1028 618 1100 facerent
638 1029 803 1101 inimicis.
833 1034 963 1127 longo,
984 1029 1113 1127 inquit,
1137 1027 1254 1100 labore

180 1139 361 1241 satagatur
373 1170 466 1233 sm,
486 1145 678 1217 ecdaoeatm
691 1146 780 1217 milu'
792 1144 927 1241 sufficit
946 1151 1251 1217 Normonnorum.

191 1260 349 1330 Invitant
361 1263 470 1330 etaiam
485 1286 542 1331 me
551 1287 718 1358 proceres
733 1262 872 1360 Anglioe
885 1278 926 1332 ut
923 1260 1096 1357 festinem
1106 1262 1255 1359 pelagus·

192 1377 360 1464 transire,
379 1379 464 1474 quia
480 1382 608 1474 parati
617 1396 767 1450 suntme
784 1380 822 1449 in
840 1404 955 1477 regem
976 1381 1163 1475 suscipere.
1185 1383 1254 1448 De·

191 1486 301 1581 nique
314 1487 463 1584 legatus,
477 1489 532 1561 his
546 1489 688 1577 auditis,
702 1492 926 1588 reciprocum
935 1491 1002 1561 iter
1015 1513 1088 1560 non
1099 1489 1253 1586 repetiit,

192 1600 268 1688 sed,
287 1620 400 1699 ponto
415 1604 583 1677 velociter
598 1604 835 1692 transfretato,
848 1631 968 1701 regem
983 1603 1141 1675 Albionis
1153 1603 1253 1690 adiit,

192 1717 298 1814 eique
323 1737 584 1820 consequenter
606 1747 668 1810 ea,
697 1747 777 1819 quae
803 1721 903 1793 illum
924 1722 1007 1793 duci
1028 1720 1103 1817 jam
1129 1720 1257 1792 dixisse
1343 1801 1345 1804 .

192 1837 329 1934 scripsi,
347 1836 500 1909 facunde
511 1837 699 1909 intimavit.
713 1836 774 1908 llle
786 1861 885 1927 vero,
896 1837 1141 1908 transmarinis
1151 1860 1258 1907 occu-

192 1967 297 2050 patus
308 1952 459 2048 negotiis
473 1953 586 2049 regni,
601 1950 728 2023 callide
745 1951 870 2023 maluit
884 1950 952 2023 sibi
968 1949 1088 2022 debita
1102 1950 1259 2047 legaliter

192 2066 374 2165 amplecti,
389 2090 496 2164 quam
511 2067 705 2166 peregrinis
717 2093 789 2165 prae
801 2067 967 2166 superbia
980 2082 1015 2139 et
1028 2064 1196 2138 indebitis
1209 2065 1258 2136 la-

192 2183 341 2254 boribus
351 2183 458 2254 nimis
469 2183 622 2256 onerari.
635 2182 852 2254 Custodibus
861 2183 952 2254 arcis
961 2206 1027 2280 pro
1039 2206 1103 2253 sua
1113 2179 1261 2251 benivo-

193 2300 302 2371 lentia
325 2300 452 2396 gratias
471 2298 646 2389 reddidit,
675 2315 710 2371 et
735 2299 891 2395 legatum
916 2298 1126 2370 muneribus
1144 2297 1259 2394 dignis

193 2413 564 2486 honoratumrcmisit.
575 2413 898 2511 Nunciusigiturad
905 2413 1110 2503 suosrediit‚
1120 2411 1260 2508 illisque

194 2554 366 2628 responsa
383 2528 539 2602 liliorum
556 2529 737 2601 Guillelmi
754 2533 845 2628 regis
859 2555 922 2628 per
941 2531 1106 2601 ordinem
1125 2527 1256 2598 retulit.

241 2646 417 2718 Custodes
442 2649 578 2744 itaque,
601 2647 772 2720 laudabili
787 2649 860 2744 jam
882 2649 952 2719 fide
971 2647 1131 2745 probati,
1153 2643 1260 2714 Heliae

194 2759 385 2832 candidam
404 2761 588 2857 jusserunt
614 2763 773 2834 tunicam
792 2763 912 2852 indui,
942 2788 1009 2861 pro
1034 2786 1104 2857 qua
1126 2759 1258 2830 Candi-

195 2877 262 2948 dus
283 2877 462 2949 Bacularis
481 2880 537 2973 (l)
555 2877 680 2950 solitus
703 2897 756 2951 est
779 2879 912 2950 abillis
934 2878 1145 2974 nuncupari.
1171 2881 1260 2946 Pro-

196 2995 290 3064 tinus
330 2993 388 3066 ille
423 2995 527 3089 jussis
561 2995 691 3093 paruit.
728 2996 923 3091 Municipes
965 3018 1047 3064 eum
1091 2992 1261 3064 velociter

195 3111 399 3183 venientem
424 3127 676 3211 susceperunt,
707 3127 741 3182 et
761 3112 923 3207 jocantes
949 3109 1142 3181 dixerunt:
1165 3113 1260 3180 Can·

194 3223 275 3296 dide
289 3225 491 3313 Baeculam,
520 3230 645 3297 merito
673 3252 766 3296 nunc
794 3226 885 3296 vales
911 3225 1042 3315 laetari,
1071 3227 1154 3322 quia
1174 3241 1258 3295 tem-

189 3370 260 3439 pus
280 3348 392 3414 instat
405 3342 500 3441 quod
514 3342 575 3414 diu
588 3343 806 3414 desiderasti.
827 3345 870 3413 Si
882 3347 1020 3440 copiam
1035 3368 1260 3412 nurrzmorum

229 3554 269 3617 (l)
288 3550 439 3605 Bacalarr's
451 3570 485 3605 ne
498 3552 607 3624 signifie
618 3573 667 3625 pas
680 3554 715 3607 ici
731 3577 737 3607 ι
752 3575 766 3602 r
777 3555 826 3627 qui
840 3562 921 3626 porte
933 3571 971 3605 un
985 3551 1100 3616 bitom„
1113 3552 1182 3603 mais
1194 3549 1259 3603 bien

197 3664 210 3689 ι
222 3640 393 3706 ὺαοὴεΙίετ,υ
407 3641 588 3696 baccalarius.
603 3643 643 3697 Ce
656 3661 720 3696 nom
733 3641 769 3697 de
784 3640 1027 3696 sslanc-Bachelior
1040 3640 1107 3693 etait
1119 3638 1213 3693 donne
1224 3656 1260 3691 au

195 3737 286 3782 comte
299 3728 391 3794 Helie,
405 3747 462 3783 non
474 3728 544 3802 qu’il
557 3729 644 3784 nestit
655 3749 703 3802 pas
715 3731 852 3786 chevalier
865 3731 1010 3790 banncret,
1022 3729 1091 3782 mais
1102 3745 1182 3800 parce
1191 3727 1260 3801 qu'il

196 3820 264 3873 e'tait
277 3817 421 3890 deponille
434 3818 469 3873 de
486 3837 536 3874 son
553 3824 647 3875 comte
660 3820 698 3874 du
713 3822 819 3885 blaine,
833 3831 862 3874 et
875 3838 924 3891 par
938 3822 1109 3891 consequent
1121 3819 1189 3871 dans
1203 3834 1259 3869 une

195 3908 330 3962 situation
350 3907 502 3963 inferieure
522 3911 538 3963 a
560 3909 628 3964 celle
649 3909 718 3983 qu’il
741 3911 812 3963 avait
832 3912 954 3981 occupee
973 3919 1001 3963 et
1018 3909 1110 3962 devait
1129 3923 1260 3976 occuper.

195 3995 298 4050 c‘orair
311 4015 361 4068 par
374 3999 546 4070 consequent
559 4016 597 4051 un
610 3998 788 4069 pretendaut,
802 4017 841 4052 un
855 3999 977 4070 aspirant
989 4016 1024 4050 an
1036 3999 1142 4064 comte,
1153 4012 1261 4048 comme

196 4084 236 4137 les
251 4083 405 4142 baebellers
418 4088 523 4141 e'taient
535 4085 583 4141 des
599 4086 780 4159 pre'tendants
796 4089 811 4141 a
825 4087 850 4142 la
868 4086 975 4161 qualite
991 4086 1025 4140 de
1043 4087 1173 4157 seignour
1191 4083 1260 4136 ban·

196 4182 288 4226 ncret.
