2888 4934
202 427 263 485 aas
475 419 657 482 numan
680 381 984 483 sectssusmcn.
1153 420 1253 498 [rinc]

201 553 380 624 barones:
402 550 616 623 Raonullum
640 550 769 622 scilicet
796 552 1023 621 Baioccnsem
1050 550 1107 644 (l)
1131 549 1253 621 etsslla·

201 667 338 741 dullum
368 665 414 738 de
444 666 621 757 Conchis,
657 665 876 739 liudbertum
910 664 956 738 de
989 665 1199 738 Montelorti
1223 679 1253 738 et

201 782 420 855 Rodbertum
443 781 489 855 de
511 782 850 877 Grenremaisnilio,
861 781 1020 879 aliosque
1037 780 1160 879 plures

198 901 270 970 suis
288 897 488 971 clientibus.
511 902 661 970 Econtra
686 897 885 970 Radbertus
910 897 981 969 dux
1005 922 1129 970 secum
1149 896 1253 973 baba·

197 1013 258 1086 bat
283 1013 502 1085 Rodbertum
523 1012 804 1103 Belesmensem,
825 1027 860 1085 et
882 1027 1052 1112 nepotem
1068 1014 1147 1109 ejus
1162 1012 1253 1085 Guil-

196 1129 344 1200 lelmum
367 1128 664 1219 Moritoliensem,
692 1128 914 1201 llodbertum
936 1128 982 1199 de
1000 1126 1185 1201 stotevilla
1202 1127 1253 1225 (2)

198 1259 232 1315 et
248 1242 476 1315 Guillelmum
501 1243 547 1315 de
570 1243 736 1316 Ferrariis
756 1243 831 1340 (3),
850 1243 1010 1340 aliosque
1031 1242 1153 1340 plures
1174 1266 1253 1316 unm

196 1360 268 1431 suis
286 1358 429 1431 viribus.
450 1358 576 1431 Milites
592 1358 737 1456 quidem
755 1383 828 1431 non
846 1374 964 1432 tantos
980 1374 1019 1430 ut
1038 1359 1146 1431 irater
1161 1358 1253 1456 ejus,

196 1473 344 1562 habuit;
374 1473 436 1545 sed
463 1472 625 1572 peditum
649 1475 933 1547 numerosiorem
961 1487 1142 1546 catervam
1167 1497 1253 1571 pro·

196 1588 308 1660 duxit.
333 1594 373 1660 ln
397 1590 504 1661 armis
528 1614 569 1661 ex
598 1603 749 1686 utraque
775 1604 877 1687 parte
904 1590 1028 1662 fratres
1054 1604 1089 1660 et
1115 1591 1253 1688 cognati

194 1705 447 1795 consistebant,
464 1721 499 1777 et
511 1704 675 1777 nonnulli
687 1730 814 1777 corum
825 1721 949 1777 mutua
958 1704 1099 1777 sibimet
1108 1704 1253 1779 vulnera

192 1822 379 1919 parabant.
400 1822 628 1896 Fraudulenti
646 1847 791 1919 quoque
808 1821 1006 1893 desertores
1023 1819 1159 1919 spicula
1176 1840 1253 1919 ges·

195 1935 333 2028 tabant;
350 1937 502 2011 sednon
518 1936 623 2009 firmo
639 1937 750 2010 corde
767 1962 833 2008 suo
848 1937 1001 2035 principi
1012 1935 1253 2026 adhaerebant‚

193 2050 353 2150 lugaeque
375 2054 486 2149 magis
508 2077 618 2150 quam
642 2051 823 2125 conflictui
848 2077 915 2152 pro
937 2051 1178 2126 malivolentia
1199 2053 1253 2127 in·

192 2165 351 2239 hiabant.

240 2280 361 2375 Plures
378 2281 545 2378 equidem
563 2281 714 2379 religiosi
728 2282 794 2353 viri
810 2296 949 2354 tantum
966 2283 1063 2354 nefas
1081 2279 1253 2380 impedire

191 2396 311 2467 conati
334 2410 433 2485 sunt,
461 2395 675 2492 fraternique
697 2398 876 2494 sanguinis
900 2397 1109 2470 effusionem
1134 2396 1253 2469 videte

191 2511 297 2582 nimis
318 2511 526 2582 timuerunt.
544 2510 668 2583 Vitalis
684 2512 740 2609 (t)
758 2528 877 2584 autem
896 2514 1060 2600 eremita,
1085 2513 1150 2609 qui
1168 2525 1253 2585 tunc

223 2830 262 2901 (4)
275 2829 329 2885 Sur
339 2828 459 2884 Rannlle
469 2827 505 2883 de
517 2828 701 2902 Briquessart‚
713 2830 830 2884 ricomte
841 2829 876 2885 de
888 2830 1000 2898 liniens,
1014 2846 1096 2902 voyez
1106 2828 1251 2899 cidem,

190 2928 210 2971 t.
225 2918 284 2986 111,
297 2937 325 2991 p.
341 2921 403 2975 359.

224 3008 263 3079 (2)
282 3007 307 3063 ll
322 3008 402 3080 s‘agit
419 3007 455 3061 ici
470 3004 505 3060 de
519 3004 627 3061 Robert
640 3005 862 3073 d'Estouteville‚
881 3005 1026 3085 (lcuxieme
1039 3006 1079 3061 du
1097 3025 1180 3075 nom,
1197 3024 1253 3085 qne

189 3113 260 3148 nous
271 3113 354 3149 avons
366 3114 400 3150 vu
413 3096 469 3150 cite
481 3094 627 3164 ci-dessus,
640 3112 667 3167 p.
681 3096 742 3160 ata,
756 3094 929 3149 ll’occasion
942 3094 1009 3149 d'uu
1022 3097 1190 3152 avenemmt
1200 3097 1253 3152 ni·

190 3180 320 3237 raculeux
333 3201 367 3236 cn
381 3186 461 3249 4405,
475 3193 504 3238 et
517 3201 573 3238 oon
586 3181 682 3236 deson
700 3181 751 3247 fils.
764 3183 814 3256 qui
826 3183 918 3237 veuait
930 3183 1018 3238 d'etre
1030 3183 1080 3238 lait
1093 3184 1253 3256 priscanier

189 3271 572 3338 aSaint-Pierre·sur·Dive‚
589 3270 682 3345 etqui
700 3288 734 3325 ne
751 3270 794 3326 lut
812 3270 916 3327 delivre
934 3273 1016 3346 qu’au
1037 3283 1165 3328 moment
1179 3270 1254 3329 tlela

190 3358 309 3414 bataille.

224 3446 263 3515 (³)
281 3444 336 3500 Sur
347 3464 378 3500 ce
392 3462 575 3518 personoage,
590 3463 674 3517 noyez
688 3445 834 3514 cidessus,
849 3458 869 3505 t.
884 3447 943 3515 Ill,
958 3466 987 3520 p.
1003 3450 1066 3504 364.
1079 3446 1104 3502 ll
1117 3448 1189 3504 e'tait
1201 3446 1253 3504 alla

189 3531 257 3586 dans
269 3530 432 3588 l'intervalle
445 3536 460 3587 l
474 3533 498 3587 la
511 3534 710 3589 Terre-Salute
723 3552 788 3589 arec
803 3534 829 3588 le
840 3535 896 3589 duc
909 3534 1026 3590 Robcrt.

225 3620 264 3694 (l)
281 3622 318 3676 Le
326 3620 518 3677 bienheurenx
530 3622 620 3691 Vital,
630 3623 782 3697 originaire
793 3623 829 3678 de
839 3622 1003 3678 Tiercerille
1015 3642 1050 3679 en
1063 3623 1170 3692 Bessin,
1182 3624 1253 3680 avait

185 3709 250 3781 <teja
263 3710 368 3764 obtenu
381 3712 420 3782 (si
432 3728 502 3765 nous
515 3729 551 3766 en
567 3728 685 3784 croyona
700 3711 726 3766 le
743 3713 837 3766 Gallus
853 3712 1043 3782 Christiana),
1058 3710 1094 3765 de
1107 3709 1203 3766 Raoul
1216 3711 1253 3767 cle

188 3797 342 3871 Fougeres,
365 3798 586 3871 l’emplacement
605 3799 639 3853 de
664 3816 713 3854 son
732 3799 849 3870 abbaye,
868 3801 917 3872 qui
942 3819 977 3854 ne
995 3798 1035 3855 lui
1055 3799 1098 3854 lut
1116 3792 1252 3872 poumnt

187 3884 309 3940 concede
330 3904 380 3959 par
400 3904 438 3940 un
454 3887 520 3940 titre
537 3885 807 3960 authentiquequ’en
822 3890 901 3945 4442.
917 3887 940 3947 ll
958 3885 1097 3960 possedait
1109 3885 1252 3942 ‹t’aittnn

188 3985 266 4030 toute
280 3974 306 4029 la
318 3973 459 4029 confiance
470 3973 509 4029 du
524 3983 615 4027 comte
624 3973 659 4028 de
671 3974 802 4042 Mortain,
816 3973 886 4030 dont
898 3975 918 4028 il
930 3975 998 4030 etait
1011 3974 1037 4029 le
1050 3972 1210 4048 chapelain,
1222 3984 1252 4031 et

186 4064 245 4136 qui,
257 4081 291 4117 en
301 4065 383 4134 4405,
394 4062 466 4116 avait
476 4059 553 4134 place
563 4077 626 4116 sous
638 4078 665 4116 sa
675 4061 813 4118 direction
826 4062 851 4117 la
862 4064 1000 4119 naissante
1009 4061 1114 4135 abbaye
1125 4061 1166 4117 du
1175 4061 1252 4119 Neu·

187 4149 278 4224 bourg
288 4151 323 4206 de
338 4150 458 4206 Mortain
524 4192 534 4207 .
