2888 4934
303 422 364 482 352
568 417 755 479 fltstottta
775 413 1081 481 accumulantes.
1253 422 1354 498 [1119]

303 550 401 623 davit
422 565 462 622 ut
480 548 694 622 Amalricum
709 565 746 623 et
760 552 1013 650 compatriotas
1033 548 1298 625 commilitones
1316 551 1357 624 ad

304 666 461 738 militiam
479 664 678 757 lacesseret,
698 689 740 738 ac
756 691 857 738 secus
873 671 1065 739 lucturam
1080 665 1232 738 fluvium
1248 691 1356 767 prope

302 782 457 856 lbreium
479 781 648 854 militares
669 783 763 879 giros
785 783 943 880 agitaret.
968 783 1071 855 Diem
1095 806 1264 880 quoque,
1290 807 1356 881 quo

301 898 376 969 baec
398 897 542 988 fierent,
568 897 807 971 denunciavit.
836 897 897 970 Ille
922 922 1009 970 vero
1031 900 1068 970 in
1092 897 1264 971 omnibus
1290 899 1358 997 regi

300 1013 432 1113 paruit,
452 1028 488 1085 et
499 1036 615 1104 casus,
632 1027 672 1086 ut
687 1037 709 1085 a
726 1037 808 1109 rege
824 1027 1033 1112 peroptatus
1048 1012 1177 1102 iuerat,
1198 1014 1353 1111 contigit.

300 1130 463 1228 Denique
485 1154 564 1221 rex,
589 1128 652 1201 ubi
671 1154 818 1230 prorsus
836 1130 1090 1202 inflammatam
1109 1127 1239 1202 urbem
1254 1128 1354 1220 vidit,

301 1245 482 1318 Rodberto
509 1245 663 1342 legatum
693 1246 858 1345 protinus
885 1245 1031 1336 direxit,
1057 1260 1093 1317 et
1120 1269 1199 1318 rem
1226 1259 1355 1342 gestan

300 1358 494 1432 mandavit.
521 1362 604 1431 Mox
632 1357 691 1430 ille
719 1360 756 1430 in
786 1359 955 1432 conflictu
982 1358 1148 1431 clamavit
1173 1386 1182 1432 ε
1208 1363 1356 1431 Domine

299 1474 496 1562 Amalrice,
522 1471 610 1545 audi
633 1498 791 1544 runeores
813 1499 901 1572 quos
926 1471 988 1544 tibi
1011 1471 1146 1560 dicam,
1175 1475 1216 1544 in
1241 1471 1355 1573 qurbus

300 1591 392 1662 nr'lail
404 1589 554 1662 lucrabis
571 1590 644 1659 nisi
657 1591 858 1661 maestitiam
873 1616 884 1659 :
897 1586 1084 1660 Ebruicam
1101 1591 1283 1660 civitatem
1298 1615 1354 1661 m

298 1705 399 1777 hodae
408 1705 651 1790 conereuwvit,
668 1719 704 1774 et
713 1701 908 1775 custodibus
920 1705 1014 1774 arcis
1014 1702 1180 1799 formido
1184 1707 1353 1802 proseriae

299 1824 394 1893 necis
404 1817 581 1892 incumbit.
599 1818 707 1906 Quod
717 1818 880 1909 audiens,
893 1816 1087 1889 Amalricus
1095 1818 1352 1891 commilitones

298 1960 382 2007 suos
397 1934 622 2025 convocavit,
639 1958 681 2006 ac
694 1958 762 2033 pro
776 1933 998 2007 desolatione
1014 1931 1112 2005 urbis
1125 1958 1199 2006 suae
1215 1949 1353 2007 moestus

299 2051 345 2123 ad
364 2077 428 2124 sua
445 2051 628 2123 remeavit.

351 2167 532 2267 Philippus
550 2181 586 2239 et
610 2165 734 2239 Florus
751 2166 821 2263 (l),
848 2167 1001 2267 Philippi
1026 2167 1117 2264 regis
1139 2171 1353 2240 Francorum

299 2281 379 2371 filii,
402 2297 437 2353 et
456 2307 499 2352 ex
518 2280 686 2354 bertrada
703 2306 826 2354 sorore
844 2297 995 2382 nepotes
1009 2281 1194 2372 Amalrici,
1214 2280 1354 2383 Guillel·

298 2421 379 2470 mus
394 2422 539 2494 quoque
555 2395 769 2487 Punctellus,
788 2412 823 2469 et
841 2397 1010 2470 Ricardus
1025 2397 1255 2471 Ebroicensis
1272 2396 1355 2469 iilius

298 2512 463 2585 Falconis
482 2512 677 2611 praepositi,
701 2511 831 2610 aliique
852 2514 989 2586 strenui
1008 2513 1136 2587 milites
1155 2537 1279 2587 arcem
1297 2512 1355 2585 de·

299 2630 496 2719 fensahant,
512 2644 547 2700 et
556 2642 630 2701 tota
643 2627 732 2699 urbe
741 2653 910 2701 succensa
922 2631 1117 2702 securiores
1126 2644 1163 2702 et
1171 2629 1356 2703 alacriores

299 2744 522 2834 resistebant,
541 2745 625 2840 quia
637 2744 712 2839 jam
728 2744 847 2815 miuus
861 2743 907 2815 ad
919 2744 1123 2834 tutandum,
1140 2744 1270 2841 fugatis
1280 2742 1357 2816 civi-

299 2857 378 2950 bus,
392 2858 586 2931 habehant.
609 2859 710 2930 Cives
727 2859 824 2930 enim
840 2858 1028 2931 destructae
1040 2857 1139 2930 urbis
1151 2855 1358 2957 passimdis·

298 2976 392 3072 persi
415 2989 515 3065 sunt,
537 2988 591 3064 et,
613 2975 751 3046 amissis
770 2974 938 3047 omnibus
955 2999 1035 3073 quae
1056 2972 1277 3064 habuerant,
1297 2995 1359 3071 per

298 3108 415 3165 extera
438 3092 565 3163 misere
587 3093 706 3189 vagari
728 3090 903 3189 mappalia
924 3091 1038 3162 coacti
1059 3104 1156 3162 suut.
1178 3088 1360 3161 Modestus

299 3237 359 3284 res
375 3211 593 3285 turrensibus
607 3227 646 3283 ut
659 3210 726 3283 sibi
742 3211 868 3282 turrim
885 3210 1078 3282 redderent
1093 3208 1292 3298 mandavit,
1310 3222 1358 3296 et,

299 3327 445 3398 indultis
468 3325 637 3398 omnibus
661 3350 740 3423 quae
761 3325 1018 3414 forisfecerant,
1043 3323 1153 3397 multa
1176 3323 1358 3423 promisit;

299 3442 428 3539 quibus
446 3440 770 3539 adquiescentibus,
792 3439 921 3512 adalia
939 3442 1038 3538 regni
1055 3439 1205 3537 negocia
1223 3439 1361 3511 festina·

301 3556 363 3627 vit.
390 3560 583 3646 Caeterum,
610 3571 692 3654 post
716 3555 853 3652 aliquot
875 3554 951 3628 dies
973 3581 1057 3626 curn
1076 3555 1211 3651 ingenti
1239 3553 1363 3626 militia

301 3685 411 3742 noctu
425 3670 541 3759 rediit,
558 3687 594 3743 et
604 3685 751 3770 repente
764 3685 918 3743 castrum
935 3686 1018 3743 ante
1033 3693 1215 3759 auroram,
1234 3667 1361 3742 arden-

300 3785 394 3858 tibus
410 3783 584 3873 candelis,
604 3784 746 3857 firmare
765 3786 889 3884 coepit,
910 3785 1167 3881 conditumque
1182 3783 1361 3856 bellicosis

335 4076 374 4147 (t)
387 4072 529 4145 Philippa,
543 4078 634 4123 comte
647 4067 682 4121 de
693 4069 813 4136 mantea
829 4069 932 4139 Fleuri,
946 4069 1016 4125 mari
1026 4069 1062 4124 de
1073 4069 1229 4127 t'he'riuere
1240 4068 1276 4125 de
1288 4068 1360 4124 Nau·

301 4164 351 4233 gis,
366 4163 469 4217 etaient
482 4158 521 4214 les
533 4174 637 4213 neveur
649 4155 805 4210 d’llmauri.
