2888 4934
208 437 266 498 rot
475 430 660 491 HISTORIA
683 430 986 493 ncctsssttst'tct.
1156 439 1260 517 [1103]

206 581 294 655 tum,
306 564 473 637 Neustriae
481 561 624 652 ducem,
635 578 781 635 moestus
790 563 889 653 adiit,
904 578 939 636 et
948 566 1072 660 ingens
1084 564 1259 639 damnum

203 684 270 756 sibi
279 681 448 782 perillum
459 680 815 770 evenisserecensuit,
826 681 1262 779 quiaSuthregiaecomita·

203 815 293 889 tum,
311 797 407 869 mille
417 796 525 869 libras
538 797 673 892 argenti
688 796 832 893 singulis
843 798 945 869 annis
957 796 1023 869 sibi
1034 797 1259 892 reddentem,

202 913 415 1015 perdiderit,
437 910 592 1008 ideoque
614 910 763 1008 dignum
786 937 861 984 esse
884 913 1031 984 asseruit
1049 928 1088 985 ut
1104 938 1145 987 se
1161 914 1259 988 fratri

200 1055 266 1100 suo
290 1029 365 1125 regi
389 1025 609 1126 pacificaret,
637 1041 673 1099 et
693 1027 882 1124 pristinum
902 1026 1079 1100 honorem
1099 1029 1176 1126 ejus
1194 1028 1260 1103 ob-

198 1159 300 1216 tentu
322 1157 558 1240 recuperaret.
583 1145 693 1213 Porro
715 1141 787 1214 dux
811 1141 913 1215 dictis
931 1141 1140 1240 hujusmodi
1158 1144 1260 1218 facilc

198 1259 397 1356 adquievit,
423 1270 458 1328 et
478 1258 515 1329 in
532 1255 692 1353 Angliam
712 1257 959 1329 transfretavit.
979 1260 1088 1346 Quod
1108 1261 1260 1334 audiens

198 1398 272 1462 rex,
293 1374 402 1444 iratus
420 1387 485 1460 est,
505 1372 605 1443 etsie
622 1370 669 1443 ad
686 1395 770 1443 suos
786 1373 934 1445 asseclas
950 1375 1260 1450 etconsecretalea

197 1489 336 1561 locutus
366 1502 419 1560 est
448 1517 456 1559 :
490 1485 586 1579 Quid
612 1485 655 1557 de
683 1489 835 1559 inimicis
866 1491 953 1561 reeb
983 1487 1087 1561 debeo
1106 1488 1254 1586 facere,

196 1607 260 1701 qui
277 1607 355 1675 sine
374 1628 450 1674 meo
471 1618 667 1673 commeatu
687 1627 794 1698 super
819 1627 874 1673 me
895 1605 976 1674 oaesi
994 1621 1078 1675 sunt
1100 1609 1254 1694 irruere,

195 1736 230 1791 et
242 1724 343 1821 regni
358 1722 430 1790 mei
434 1720 533 1811 fines
551 1720 774 1815 irrumpere?
790 1719 861 1804 Qui
876 1678 1163 1792 diversstdiversa
1184 1722 1258 1820 regi

194 1834 470 1934 responderunt.
502 1832 565 1904 Ille
590 1847 710 1905 antem
737 1833 893 1930 privatos
921 1831 1088 1905 satellites
1110 1832 1256 1908 obviam

194 1972 365 2047 germano
386 1947 595 2036 destinavit,
619 1971 684 2045 per
710 1971 802 2044 quos
824 1947 857 2018 ei
878 1947 969 2018 velle
986 1972 1091 2020 suum
1109 1948 1255 2023 eviden-

194 2078 247 2135 ter
279 2062 447 2135 ostendit.
481 2065 580 2132 Tunc
613 2061 804 2132 infrunitus
837 2060 911 2132 dux
941 2061 1170 2136 clandestinis
1204 2050 1259 2138 lc:

192 2177 394 2274 gationibus
417 2176 606 2275 comperiit
635 2175 734 2272 quod
763 2175 893 2272 Angtiae
918 2191 1030 2248 metas
1053 2176 1255 2254 inconsulte

191 2293 380 2382 introierit,
397 2305 445 2378 et,
462 2290 530 2362 nisi
544 2289 737 2390 providum
752 2289 947 2388 prudenter
959 2290 1148 2363 consilium
1163 2294 1256 2366 aoci·

190 2413 307 2509 pcret,
330 2409 367 2480 in
392 2407 500 2504 septis
519 2405 691 2478 insulanis
711 2405 870 2491 clausus,
899 2430 965 2503 pro
992 2431 1058 2478 suo
1080 2406 1182 2479 libitu
1207 2407 1254 2482 ad

189 2550 254 2598 sna
270 2548 344 2596 non
361 2535 547 2612 remearet.
564 2525 668 2592 Jussu
685 2535 806 2592 tamen
822 2518 940 2592 callidi
954 2522 1056 2618 regis,
1077 2545 1162 2594 cum
1181 2523 1254 2596 suis

190 2636 495 2712 commilitonibus
519 2633 718 2708 honorifice
749 2633 926 2706 adductus
952 2651 1021 2728 est,
1055 2652 1092 2708 et
1119 2636 1253 2711 callens

190 2779 316 2827 eorum
328 2752 530 2842 consilium,
549 2775 596 2822 ne
610 2751 655 2823 ab
670 2750 822 2821 externis
838 2749 970 2846 aliquid
985 2752 1145 2823 rancoris
1159 2752 1253 2825 inter

189 2894 377 2966 germanos
399 2863 740 2965 deprehenderetur,
765 2864 983 2937 occultatum
1008 2880 1073 2938 est.
1095 2869 1251 2941 Territus

189 2984 308 3080 itaque
342 2983 413 3054 dux
443 2981 524 3053 ficta
554 2995 690 3053 metum
719 2980 895 3053 hilaritate
928 2983 1087 3080 operuit,
1119 2998 1155 3055 et
1188 3008 1250 3058 rex

188 3096 420 3169 nihilominus
440 3096 546 3169 alacri
562 3094 664 3166 vultu
684 3095 850 3166 intimum
869 3095 1026 3167 furorem
1046 3096 1248 3172 dissimula·

188 3212 250 3283 vit.
271 3217 367 3283 Inter
384 3225 508 3283 caetera
526 3235 587 3281 rex
605 3208 735 3280 ducem
758 3209 803 3282 de
824 3209 956 3282 violato
979 3209 1112 3282 Ioedere
1131 3213 1250 3286 redar-

187 3327 262 3424 guit
278 3327 334 3424 (l)
351 3324 451 3423 quod
469 3325 514 3395 de
530 3325 681 3422 publicis
701 3325 945 3422 proditoribus
969 3326 1103 3398 nullam
1129 3327 1249 3401 adhuc

188 3441 361 3513 ultionem
375 3440 544 3536 exegerit,
564 3465 630 3511 nec
647 3440 757 3511 ullam
772 3465 879 3538 super
894 3441 1046 3514 discolas
1062 3442 1248 3542 principali

187 3557 303 3653 rigore
328 3554 551 3653 disciplinam
574 3556 785 3646 exercuerit,
814 3571 850 3627 et
871 3557 971 3653 quod
996 3556 1125 3628 eodem
1149 3581 1247 3630 anno

187 3671 407 3743 Rodbertum
424 3671 469 3742 de
487 3669 639 3741 Belismo
654 3669 883 3743 amicabiliter
899 3673 935 3743 in
955 3673 1172 3743 Normannia
1191 3697 1247 3744 re-

187 3786 339 3885 ceperit,
368 3787 472 3883 eique
497 3785 606 3883 patris
632 3787 687 3857 sni
714 3786 872 3859 dominia
899 3787 1103 3878 donaverit,
1129 3786 1167 3858 id
1194 3803 1247 3861 est

221 4076 260 4144 (t)
273 4073 347 4127 C'est
360 4071 570 4145 probablement
583 4070 652 4125 dans
667 4083 711 4127 cet
722 4073 860 4128 entretien
873 4093 927 4148 qne
942 4075 967 4129 lc
979 4076 1022 4130 roi
1035 4092 1157 4148 engagea
1168 4090 1245 4129 assez

186 4162 334 4215 rudemcnt
347 4179 395 4213 son
410 4160 499 4214 sacre:
520 4159 556 4213 Ut
568 4163 706 4224 comitem,
721 4180 776 4214 non
791 4163 955 4216 monachum
967 4172 1073 4234 ageret.
