3178 5052
345 453 406 514 12⁴
614 449 797 512 HISTORIA
820 447 1125 513 uectustastma.
1184 455 1395 534 [nol-1102]

342 599 451 681 atque
462 579 638 679 unguibus
653 583 832 654 sevientes
843 584 1018 680 quosdam
1036 583 1212 674 laeserunt,
1227 599 1261 656 et
1278 585 1397 656 incau-

346 712 421 783 tos,
442 696 666 793 bestialisque
682 697 868 770 conflictus
883 699 1024 795 ignaros
1041 697 1296 770 laceraverunt.

392 814 525 883 Verum
550 826 728 884 certamen
752 811 951 884 belluarum
972 813 1132 884 humano
1155 812 1216 884 diu
1238 815 1396 912 nequivit

343 928 485 1024 ingenio
498 928 671 1000 resistere.
690 930 822 1000 Armati
833 930 928 1000 enim
944 928 1079 1027 pugiles
1095 927 1278 1000 venabulis
1289 929 1394 1020 feras,

342 1041 568 1140 stridulisque
591 1041 779 1116 missilibus
802 1044 1051 1134 confoderunt,
1074 1059 1120 1134 et,
1142 1041 1305 1117 leonibus
1329 1069 1396 1118 ex·

343 1157 473 1246 tinctis,
492 1155 682 1255 leopardos
698 1157 927 1254 fugaverunt,
948 1173 1053 1254 atque
1071 1157 1117 1229 ad
1135 1158 1295 1230 medium
1312 1181 1393 1230 mu·

342 1297 422 1345 rum
440 1272 612 1369 fugientes
629 1273 776 1345 insecuti
792 1288 885 1346 sunt.
903 1277 1025 1362 Porro,
1043 1271 1215 1370 leopardi,
1235 1273 1394 1371 rependo

343 1387 440 1460 velut
449 1386 623 1486 murilegi,
637 1386 1039 1478 murumtrausilierunt,
1050 1403 1085 1464 et
1096 1387 1280 1460 Gallorum
1290 1391 1396 1461 cunei

342 1524 407 1602 per
423 1518 565 1601 portam
577 1504 723 1576 secundi
742 1505 835 1576 muri
851 1505 1076 1593 introierunt,
1096 1504 1312 1600 tertiumque
1327 1504 1397 1576 for·

236 1657 238 1664 s
342 1619 425 1690 titer
442 1642 644 1717 expugnare
662 1619 730 1689 nisi
747 1633 842 1689 sunt.
859 1619 912 1689 Fit
927 1620 1052 1716 ingens
1068 1619 1106 1689 ln
1125 1617 1213 1690 urbe
1230 1618 1397 1690 vocifera·

342 1731 393 1803 tio
439 1733 570 1804 civium
591 1787 600 1822 ,
638 1731 887 1830 horribilisque
927 1731 1082 1806 turbatio
1119 1747 1154 1804 et
1198 1758 1394 1807 concursus

342 1847 517 1939 omnium,
539 1845 626 1944 quid
638 1848 676 1918 in
689 1863 761 1920 tam
775 1848 963 1946 repentino
979 1862 1108 1920 eventu
1120 1862 1276 1945 agerent,
1295 1849 1396 1944 igno·

342 1963 510 2034 rentium.
539 1961 693 2034 Audiens
713 1966 909 2060 Imperator
931 1961 1063 2034 insoliti
1088 1962 1237 2035 assultus
1265 1961 1396 2034 tumul-

342 2092 433 2166 tum,
448 2079 642 2176 pertimuit,
663 2092 698 2150 et
713 2079 813 2175 quod
831 2078 918 2150 lalsa
936 2103 999 2176 spe
1015 2079 1185 2176 deceptus
1196 2079 1321 2167 suerat,
1340 2079 1396 2150 in-

342 2194 486 2289 gemuit.
506 2193 663 2268 Tandem
678 2217 743 2291 per
759 2193 892 2290 legatos
909 2217 993 2265 suos
1004 2193 1186 2266 nobilibus
1201 2194 1396 2292 peregrinis

341 2307 569 2406 supplicavit,
598 2306 922 2406 multiplicibusque
938 2309 1120 2408 promissis
1134 2311 1243 2382 iratos
1258 2305 1393 2397 lenivit,

341 2447 383 2496 ac
400 2423 447 2496 ab
463 2424 723 2522 expugnatione
736 2423 838 2521 regiae
853 2423 968 2514 urbis,
987 2448 1096 2522 quam
1112 2447 1205 2522 pene
1219 2423 1294 2519 jam
1307 2425 1396 2494 irru-

341 2553 481 2637 perant,
498 2540 727 2638 compescuit.

390 2656 532 2728 Francis
547 2678 612 2728 sua
627 2655 778 2727 tentoria
794 2655 1035 2752 repetentibus
1052 2679 1135 2729 cum
1152 2655 1320 2740 victoria,
1339 2653 1394 2724 lu-

341 2765 461 2866 gubris
477 2775 650 2868 Augustus
667 2769 883 2845 Tolosanum
903 2773 1071 2844 comitem
1092 2771 1272 2860 accersiit,
1291 2771 1395 2866 eique

341 2899 486 2958 moestus
505 2910 546 2958 ac
563 2884 667 2957 valde
683 2885 840 2981 dejectus
856 2885 945 2958 dixit
966 2915 975 2957 ε
997 2884 1189 2983 Confusus,
1208 2909 1230 2955 o
1244 2883 1396 2982 gloriose

340 3000 473 3089 consul,
492 2999 542 3072 ad
550 3017 583 3072 tc
598 2997 773 3100 confugio,
794 2999 930 3099 etquid
942 2999 1115 3100 mendum
1132 3002 1234 3072 sitin
1251 3015 1325 3072 tam
1338 3002 1393 3069 in·

339 3130 479 3209 sperato
491 3119 651 3212 strepitu,
673 3109 858 3188 consilium
874 3141 898 3186 a
912 3131 944 3186 te
956 3114 1113 3214 deposco.
1135 3119 1225 3186 Ecce
1240 3112 1395 3184 insolen-

342 3229 392 3297 tia
407 3231 626 3300 Francorum
645 3234 778 3329 rcgiam
792 3229 924 3320 arbem,
939 3255 1017 3328 quae
1028 3245 1136 3328 caput
1149 3229 1306 3301 omnm
1320 3241 1391 3316 cst,

336 3344 482 3437 procaci
496 3365 606 3413 mana
620 3367 699 3414 cum
709 3347 821 3416 armis
836 3347 1045 3443 impugnare
1060 3369 1148 3415 arasa
1163 3358 1228 3414 cst.
1250 3339 1396 3412 celsin-

339 3453 457 3528 dinem
466 3457 585 3528 sancti
596 3462 744 3554 Imperii
758 3459 906 3548 νίοὶανίτ,
925 3476 972 3545 ct,
995 3485 1038 3530 nc
1046 3458 1177 3558 pejora
1185 3459 1333 3551 fierent,
1347 3453 1398 3526 ad

338 3574 397 3642 sui
409 3572 699 3670 supplicationem
717 3573 917 3663 inclinarit,
934 3572 1117 3670 effusoque
1125 3572 1291 3666 fidclucm
1306 3595 1395 3643 san-

337 3689 443 3786 guine
458 3687 642 3778 clr'cntam,
660 3692 907 3786 omnipotentis
923 3690 1060 3788 Sophia
1075 3687 1295 3762 iracundiam
1304 3711 1395 3784 pro-

341 3805 482 3872 uocauit.
503 3803 708 3902 Augustalis
730 3802 920 3904 Majestas,
949 3829 1025 3904 qua
1041 3805 1132 3903 leges
1150 3804 1236 3876 olim
1251 3801 1395 3874 advena

338 3933 375 3988 ct
390 3919 514 3990 incolis
537 3917 625 3990 dare
644 3919 749 3991 solita
769 3936 837 4010 est,
860 3919 950 3992 heu!
974 3919 1075 3991 moda
1092 3946 1116 3991 a
1138 3915 1394 3990 contumacibus

334 4035 533 4131 peregrinis
550 4036 732 4130 imparitas
741 4032 956 4106 conditiones
970 4033 1085 4105 subire
1100 4047 1220 4105 coacta
1235 4047 1298 4102 cst.
1319 4031 1394 4102 Rai-

340 4148 496 4221 mundus
512 4173 633 4223 comes
650 4149 835 4248 respondit
853 4176 863 4219 ι
883 4153 1129 4246 Compatrcbta
1144 4149 1216 4219 neci
1229 4171 1320 4243 rape
1335 4169 1392 4217 so·
