2888 4934
116 447 224 525 [1097]
488 442 605 507 44444
626 447 811 510 uncinus.
1131 455 1171 513 44

117 576 296 649 Ebremou
332 578 386 675 (4)
420 578 514 676 capti
548 593 650 668 sunt;
686 604 840 676 quorum
868 579 1171 680 redemptionibus

115 695 246 793 opimis
269 709 411 791 egentes
432 696 556 766 Franci
576 694 620 766 ad
642 694 884 769 dimicandum
906 697 1050 769 animati
1073 713 1169 771 sunt.

116 808 317 881 Rodbertus
334 809 510 908 siquidem
530 809 576 881 de
591 809 805 884 Maldestorn
826 812 880 907 (2)
901 825 936 882 et
956 812 1171 886 Odmundus

115 924 161 995 de
174 923 700 1020 calvimonte(3),Gualbertus
712 924 757 997 de
767 927 886 997 burriz
896 926 951 1021 (4)
960 940 995 998 44
1003 928 1172 1000 Ricardus

115 1039 222 1110 frater
240 1038 335 1134 ejus,
352 1037 576 1112 Godefredus
590 1054 624 1110 et
639 1043 762 1111 Petrus
780 1038 842 1111 filii
861 1039 1022 1112 Herberti
1035 1043 1079 1113 de
1096 1046 1173 1114 Ser·

115 1178 201 1224 rana
212 1155 284 1249 (5),
300 1154 430 1226 militiae
442 1153 718 1226 vilcassinorum
735 1170 925 1252 praeerant,
945 1168 980 1227 et
996 1155 1174 1227 interdum

113 1267 279 1339 hostibus
303 1269 429 1340 acriter
449 1268 669 1341 resistebant.
690 1274 729 1340 14
756 1268 814 1341 illa
837 1271 970 1370 quippe
992 1272 1176 1369 provincia

114 1384 337 1480 egregiorum
359 1385 464 1483 copia
488 1384 640 1455 militum
667 1400 738 1475 est,
767 1385 896 1483 quibus
918 1386 1116 1482 ingenuitas
1141 1400 1177 1457 et

114 1498 241 1594 ingens
257 1496 415 1594 probitas
438 1499 541 1573 inest.
562 1499 616 1570 llli
634 1500 803 1572 nimirum
827 1500 1000 1597 insignem
1025 1504 1176 1572 Franco·

115 1781 215 1854 negeld
224 1792 254 1837 et
264 1793 358 1837 autres
365 1792 439 1838 taxes
448 1783 516 1837 dans
524 1782 564 1838 les
573 1785 678 1838 comtes
686 1782 807 1852 d’Emex,
820 1783 924 1839 suffotk
934 1794 963 1839 et
972 1782 1173 1840 Cornouailles.

113 1868 137 1921 ll
151 1888 169 1940 y
182 1879 225 1924 444
238 1872 352 1924 nomme
367 1870 509 1926 Walterus
521 1871 557 1925 de
568 1870 765 1944 Anssreivilln.

149 1959 189 2028 (4)
206 1956 316 2012 Gerold
330 1956 529 2025 d’liuvermen,
545 1956 757 2031 probablement
769 1970 870 2032 parent
882 1958 1014 2034 d’Hugue
1024 1969 1054 2014 et
1064 1958 1099 2015 de
1113 1959 1174 2014 Tn-

114 2042 177 2097 rold
189 2043 391 2112 d’Envermeu,
406 2044 476 2098 dont
488 2062 560 2099 nous
573 2063 677 2100 444444
689 2046 725 2101 de
738 2046 839 2121 parler.

147 2132 188 2202 (2)
208 2131 386 2199 4444444444,
407 2133 471 2205 pres
486 2130 591 2206 Magni.
610 2133 677 2188 Plus
694 2134 758 2189 tard
775 2153 812 2190 ou
832 2152 847 2188 a
867 2136 938 2189 44444
953 2133 1112 2191 Maldestor.
1128 2135 1176 2192 On

113 2231 265 2276 44444444
285 2224 354 2278 4469
378 2221 486 2276 Robert
507 2220 542 2274 de
561 2220 722 2289 Maldestor,
749 2221 962 2295 probablemeut
987 2222 1116 2296 petit-fils
1140 2222 1175 2279 de

112 2309 245 2379 celui-ci,
258 2310 385 2383 employe
397 2327 505 2365 comme
519 2310 624 2364 4444444
637 2310 706 2365 daus
718 2329 774 2367 une
786 2311 882 2367 charte
898 2309 933 2366 de
948 2311 1176 2368 bouis-le-Jeune

112 2415 148 2452 en
159 2397 255 2452 favour
263 2397 299 2452 de
311 2399 462 2471 sumitges.
476 2397 518 2451 En
531 2401 601 2455 4493
617 2397 698 2472 Ilugo
710 2398 746 2453 de
761 2399 933 2454 Maldestort
946 2400 1015 2455 44444
1026 2400 1177 2455 constabu-

113 2485 202 2538 larius
220 2484 257 2537 W
255 2485 397 2540 ulcassini.

146 2575 188 2644 (³)
206 2571 349 2642 Otmond,
362 2574 485 2646 premier
501 2574 540 2630 dn
559 2593 640 2643 nom,
656 2574 700 2630 dit
715 2575 741 2633 le
757 2576 866 2650 Vieux,
880 2576 923 2632 4444
935 2576 970 2632 de
987 2575 1107 2642 Robert‚
1121 2575 1176 2629 sei-

113 2681 205 2736 gnenr
220 2662 255 2718 de
267 2663 428 2720 chaumont
442 2683 479 2720 en
493 2664 596 2722 Vexin.
611 2665 689 2720 Nous
704 2683 807 2721 aurens
821 2667 948 2722 occasion
963 2665 997 2720 de
1010 2663 1102 2737 parler
1115 2662 1176 2734 plus

112 2765 149 2802 44
163 2749 230 2822 long
243 2747 278 2804 de
290 2768 322 2805 oe
333 2752 462 2824 seigneur
474 2762 503 2807 44
514 2750 550 2805 de
562 2769 590 2806 44
601 2752 746 2824 4444444444.

148 2837 190 2907 (4)
207 2836 338 2893 Walbert
350 2837 386 2892 de
397 2838 491 2893 Bouri.
511 2839 549 2895 (k
567 2839 637 2895 n’est
654 2857 703 2913 pas
714 2838 755 2893 444
772 2838 821 2913 qui
840 2840 910 2894 44444
926 2839 952 2894 44
969 2837 1036 2892 chel
1049 2837 1084 2892 de
1096 2835 1121 2892 la
1133 2836 1176 2891 44-

113 2922 205 2990 mille,
220 2925 289 2980 44444
302 2942 353 2980 444
370 2925 443 2980 frere
454 2925 529 2993 4444,
544 2926 696 2993 Eustache,
710 2925 857 2993 donateur,
873 2944 908 2979 eu
920 2927 1004 2991 4404,
1018 2924 1054 2980 de
1073 2923 1177 2996 l’egliee

113 3013 149 3067 de
170 3013 256 3068 Bonri
273 3016 288 3067 4
306 3013 504 3070 saint-Martia
522 3013 558 3069 de
575 3015 716 3070 Pontoise.
732 3013 861 3068 Walbert
876 3023 919 3068 est
933 3013 1095 3067 4444444444
1108 3010 1177 3066 dans

113 3111 158 3156 444
169 3111 231 3156 acte
242 3123 248 3155 ε
260 3101 373 3174 Rogata
382 3106 579 3175 praenominati
590 3103 742 3159 Eustachii
746 3145 753 3169 ,
767 3104 904 3157 concessit
917 3101 1077 3155 Walbertus
1076 3100 1178 3173 frater

113 3191 185 3263 ejus.
198 3189 223 3244 Il
235 3192 305 3245 44444
321 3201 397 3246 mort
408 3194 423 3246 4
435 3190 563 3266 l’epoqne
575 3191 610 3246 de
622 3195 702 3256 4405,
715 3194 731 3245 4
745 3189 863 3263 laquelle
875 3208 926 3245 sou
938 3189 981 3243 fils
993 3187 1083 3243 Raonl
1096 3211 1101 3241 :
1119 3186 1175 3242 Ra·

112 3277 319 3351 dulsns,filius
336 3279 471 3334 Walberti
485 3279 520 3335 de
539 3278 656 3342 Bodriz,
672 3277 766 3333 rendit
782 3280 798 3331 4
814 3277 1004 3352 l‘arcbeveque
1022 3276 1058 3330 de
1074 3275 1173 3330 Roueu

112 3364 152 3420 les
173 3376 261 3420 444444
272 3365 463 3439 dependentes
473 3365 509 3421 de
520 3366 620 3422 Gieors
633 3365 715 3439 qu'ils
733 3363 890 3421 4444444444
908 3364 1045 3430 44444444,
1059 3374 1088 3418 44
1103 3360 1175 3416 dont

113 3451 297 3525 l'nsurpation
314 3453 386 3509 avait
403 3455 487 3509 444444
502 3472 551 3509 444
567 3453 594 3508 44
609 3454 676 3527 pere
689 3463 778 3508 44444
790 3452 817 3507 44
828 3451 870 3506 lile
882 3451 921 3505 les
934 3450 1048 3505 ioudres
1058 3449 1094 3503 de
1105 3448 1173 3502 l'ex-

112 3541 365 3596 communication.
373 3540 421 3597 On
430 3540 489 3596 4444
498 3540 803 3614 ligurerdanseetecte
816 3538 944 3595 Otmonvl
955 3538 990 3592 de
1002 3539 1171 3603 Cbanmont,

113 3627 185 3683 dont
198 3647 268 3685 4444
281 3648 384 3685 444444
396 3629 431 3685 de
445 3628 546 3703 parler.

147 3718 189 3789 (b)
205 3716 523 3784 Senes-lenonicitler,
545 3719 609 3790 pree
630 3717 737 3790 Magni.
754 3717 832 3774 Nous
850 3730 934 3769 avons
955 3732 993 3768 44
1012 3711 1116 3786 figurer
1131 3711 1172 3766 ci·

113 3805 210 3862 444444
223 3807 253 3874 (l.
269 3824 315 3874 ru,
332 3816 355 3860 t.
371 3806 412 3873 ll,
428 3826 457 3879 p.
473 3809 535 3879 444)
549 3806 685 3876 44444444,
700 3806 813 3880 perede
828 3823 873 3861 ces
886 3804 957 3858 deux
971 3819 1170 3876 personnages,

112 3913 149 3950 an
169 3894 286 3950 nombre
304 3894 354 3949 des
371 3894 553 3950 bieniaiteurs
569 3894 607 3950 dn
626 3895 739 3968 prieure
756 3895 792 3951 de
810 3894 835 3950 la
852 3893 984 3966 Chapelle
1000 3910 1034 3945 en
1055 3891 1144 3976 Vepin
1164 3912 1169 3942 :

113 3984 227 4055 prienre
239 4001 296 4058 qne
308 4000 379 4037 nous
391 3999 474 4038 44444
485 3982 541 4038 mal
554 3985 569 4036 4
580 3999 684 4057 propos
697 3984 773 4057 place
785 3988 801 4039 4
814 3982 1003 4048 44444444444,
1017 3980 1080 4050 pres
1092 3978 1181 4032 Eue--

112 4072 214 4143 pegni,
227 4081 256 4127 et
268 4072 317 4146 qui
326 4070 387 4126 doit
398 4071 457 4126 4444
470 4074 582 4143 reportc'
593 4089 640 4126 444
652 4091 683 4127 44
694 4075 775 4146 point
785 4071 824 4126 dn
837 4070 928 4128 Vexiu
940 4068 1078 4141 Frangam,
1093 4076 1172 4121 entre

113 4161 209 4234 Magni
222 4169 252 4215 et
261 4158 591 4232 saint-clausur-Epte.
