<?xml version="1.0" encoding="UTF-8"?>
<!DOCTYPE html PUBLIC "-//W3C//DTD XHTML 1.0 Transitional//EN"
    "http://www.w3.org/TR/xhtml1/DTD/xhtml1-transitional.dtd">
<html xmlns="http://www.w3.org/1999/xhtml" xml:lang="en" lang="en">
 <head>
  <title>
</title>
<meta http-equiv="Content-Type" content="text/html;charset=utf-8" />
  <meta name='ocr-system' content='tesseract 3.04.00' />
  <meta name='ocr-capabilities' content='ocr_page ocr_carea ocr_par ocr_line ocrx_word'/>
</head>
<body>
  <div class='ocr_page' id='page_1' title='image "./ordericivitalis07deligoog/ordericivitalis07deligoog_0497.png"; bbox 0 0 3190 5064; ppageno 0'>
   <div class='ocr_carea' id='block_1_1' title="bbox 336 501 1394 586">
    <p class='ocr_par' dir='ltr' id='par_1_1' title="bbox 336 501 1394 586">
     <span class='ocr_line' id='line_1_1' title="bbox 336 501 1394 586; baseline 0.001 -20"><span class='ocrx_word' id='word_1_1' title='bbox 336 505 396 568; x_wconf 81' lang='grc'><strong>484</strong></span> <span class='ocrx_word' id='word_1_2' title='bbox 603 505 787 566; x_wconf 78' lang='lat' dir='ltr'><strong>HISTORIA</strong></span> <span class='ocrx_word' id='word_1_3' title='bbox 811 501 1114 567; x_wconf 71' lang='lat' dir='ltr'><strong>uccttstastlce.</strong></span> <span class='ocrx_word' id='word_1_4' title='bbox 1284 507 1394 586; x_wconf 77' lang='lat'>[1128]</span> 
     </span>
    </p>
   </div>
   <div class='ocr_carea' id='block_1_2' title="bbox 319 634 1394 2583">
    <p class='ocr_par' dir='ltr' id='par_1_2' title="bbox 319 634 1394 2583">
     <span class='ocr_line' id='line_1_2' title="bbox 335 634 1393 732; baseline 0.004 -26"><span class='ocrx_word' id='word_1_5' title='bbox 335 637 414 706; x_wconf 91' lang='lat' dir='ltr'><strong>vico</strong></span> <span class='ocrx_word' id='word_1_6' title='bbox 441 635 514 732; x_wconf 85' lang='lat' dir='ltr'><strong>regi</strong></span> <span class='ocrx_word' id='word_1_7' title='bbox 539 639 777 725; x_wconf 79' lang='lat' dir='ltr'><strong>Francorum,</strong></span> <span class='ocrx_word' id='word_1_8' title='bbox 802 649 839 705; x_wconf 89' lang='lat' dir='ltr'><strong>et</strong></span> <span class='ocrx_word' id='word_1_9' title='bbox 867 634 1021 706; x_wconf 87' lang='lat' dir='ltr'><strong>Henrico</strong></span> <span class='ocrx_word' id='word_1_10' title='bbox 1050 635 1122 731; x_wconf 86' lang='lat' dir='ltr'><strong>regi</strong></span> <span class='ocrx_word' id='word_1_11' title='bbox 1149 636 1343 732; x_wconf 75' lang='lat' dir='ltr'><strong>Anglomm</strong></span> <span class='ocrx_word' id='word_1_12' title='bbox 1372 663 1393 710; x_wconf 93' lang='lat' dir='ltr'><strong>a</strong></span> 
     </span>
     <span class='ocr_line' id='line_1_3' title="bbox 333 749 1394 849; baseline 0.004 -27"><span class='ocrx_word' id='word_1_13' title='bbox 333 751 475 823; x_wconf 87' lang='lat' dir='ltr'><strong>secretis</strong></span> <span class='ocrx_word' id='word_1_14' title='bbox 487 752 518 848; x_wconf 85' lang='lat' dir='ltr'><strong>(l</strong></span> <span class='ocrx_word' id='word_1_15' title='bbox 527 751 553 847; x_wconf 87' lang='lat'><strong>),</strong></span> <span class='ocrx_word' id='word_1_16' title='bbox 570 751 830 824; x_wconf 86' lang='lat' dir='ltr'><strong>conloederatus</strong></span> <span class='ocrx_word' id='word_1_17' title='bbox 840 764 893 822; x_wconf 91' lang='lat' dir='ltr'><strong>cst</strong></span> <span class='ocrx_word' id='word_1_18' title='bbox 905 749 973 847; x_wconf 80' lang='lat'>(2).</span> <span class='ocrx_word' id='word_1_19' title='bbox 988 750 1208 849; x_wconf 81' lang='lat' dir='ltr'><strong>Stephanum</strong></span> <span class='ocrx_word' id='word_1_20' title='bbox 1222 753 1394 826; x_wconf 88' lang='lat' dir='ltr'><strong>comitem</strong></span> 
     </span>
     <span class='ocr_line' id='line_1_4' title="bbox 335 865 1393 964; baseline 0.003 -27"><span class='ocrx_word' id='word_1_21' title='bbox 335 867 616 959; x_wconf 87' lang='lat' dir='ltr'><strong>Bolonicnsium,</strong></span> <span class='ocrx_word' id='word_1_22' title='bbox 636 865 794 964; x_wconf 85' lang='lat' dir='ltr'><strong>aliosque</strong></span> <span class='ocrx_word' id='word_1_23' title='bbox 815 871 1040 940; x_wconf 83' lang='lat' dir='ltr'><strong>Normaunos</strong></span> <span class='ocrx_word' id='word_1_24' title='bbox 1064 867 1126 964; x_wconf 89' lang='lat' dir='ltr'><strong>qui</strong></span> <span class='ocrx_word' id='word_1_25' title='bbox 1140 881 1260 960; x_wconf 60' lang='lat' dir='ltr'><strong>vterras</strong></span> <span class='ocrx_word' id='word_1_26' title='bbox 1281 867 1393 941; x_wconf 89' lang='lat' dir='ltr'><strong>habe·</strong></span> 
     </span>
     <span class='ocr_line' id='line_1_5' title="bbox 333 981 1391 1082; baseline 0.002 -28"><span class='ocrx_word' id='word_1_27' title='bbox 333 982 421 1054; x_wconf 90' lang='lat' dir='ltr'><strong>bant</strong></span> <span class='ocrx_word' id='word_1_28' title='bbox 447 981 482 1052; x_wconf 87' lang='lat' dir='ltr'><strong>in</strong></span> <span class='ocrx_word' id='word_1_29' title='bbox 508 981 689 1072; x_wconf 84' lang='lat' dir='ltr'><strong>Flandria‚</strong></span> <span class='ocrx_word' id='word_1_30' title='bbox 718 1007 778 1054; x_wconf 81' lang='lat' dir='ltr'><strong>rex</strong></span> <span class='ocrx_word' id='word_1_31' title='bbox 805 981 976 1053; x_wconf 83' lang='lat' dir='ltr'><strong>Henricus</strong></span> <span class='ocrx_word' id='word_1_32' title='bbox 1000 982 1033 1052; x_wconf 92' lang='lat' dir='ltr'><strong>ei</strong></span> <span class='ocrx_word' id='word_1_33' title='bbox 1059 981 1260 1080; x_wconf 84' lang='lat' dir='ltr'><strong>subjugavit</strong></span> <span class='ocrx_word' id='word_1_34' title='bbox 1283 984 1391 1082; x_wconf 81' lang='lat' dir='ltr'><strong>regali</strong></span> 
     </span>
     <span class='ocr_line' id='line_1_6' title="bbox 328 1095 1392 1196; baseline 0.006 -30"><span class='ocrx_word' id='word_1_35' title='bbox 328 1097 462 1192; x_wconf 85' lang='lat' dir='ltr'><strong>justitia</strong></span> <span class='ocrx_word' id='word_1_36' title='bbox 473 1096 538 1192; x_wconf 83' lang='lat'><strong>(3).</strong></span> <span class='ocrx_word' id='word_1_37' title='bbox 555 1097 718 1194; x_wconf 89' lang='lat' dir='ltr'><strong>Denique</strong></span> <span class='ocrx_word' id='word_1_38' title='bbox 729 1095 966 1196; x_wconf 84' lang='lat' dir='ltr'><strong>pulcherrima</strong></span> <span class='ocrx_word' id='word_1_39' title='bbox 978 1121 1069 1168; x_wconf 83' lang='lat' dir='ltr'><strong>uxor</strong></span> <span class='ocrx_word' id='word_1_40' title='bbox 1079 1097 1168 1194; x_wconf 88' lang='lat' dir='ltr'><strong>ejus,</strong></span> <span class='ocrx_word' id='word_1_41' title='bbox 1185 1121 1294 1195; x_wconf 84' lang='lat' dir='ltr'><strong>quam</strong></span> <span class='ocrx_word' id='word_1_42' title='bbox 1304 1114 1392 1172; x_wconf 91' lang='lat' dir='ltr'><strong>tunc</strong></span> 
     </span>
     <span class='ocr_line' id='line_1_7' title="bbox 329 1209 1390 1312; baseline 0.006 -30"><span class='ocrx_word' id='word_1_43' title='bbox 329 1210 498 1303; x_wconf 84' lang='lat' dir='ltr'><strong>habebat,</strong></span> <span class='ocrx_word' id='word_1_44' title='bbox 518 1228 599 1310; x_wconf 92' lang='lat' dir='ltr'><strong>post</strong></span> <span class='ocrx_word' id='word_1_45' title='bbox 617 1213 753 1312; x_wconf 84' lang='lat' dir='ltr'><strong>aliquot</strong></span> <span class='ocrx_word' id='word_1_46' title='bbox 768 1209 884 1285; x_wconf 84' lang='lat' dir='ltr'><strong>annos</strong></span> <span class='ocrx_word' id='word_1_47' title='bbox 900 1209 1082 1304; x_wconf 89' lang='lat' dir='ltr'><strong>occubuit,</strong></span> <span class='ocrx_word' id='word_1_48' title='bbox 1101 1214 1226 1312; x_wconf 90' lang='lat' dir='ltr'><strong>etipse</strong></span> <span class='ocrx_word' id='word_1_49' title='bbox 1238 1215 1390 1288; x_wconf 86' lang='lat' dir='ltr'><strong>consilio</strong></span> 
     </span>
     <span class='ocr_line' id='line_1_8' title="bbox 331 1327 1390 1429; baseline 0.005 -31"><span class='ocrx_word' id='word_1_50' title='bbox 331 1328 421 1424; x_wconf 82' lang='lat' dir='ltr'><strong>regis</strong></span> <span class='ocrx_word' id='word_1_51' title='bbox 438 1328 568 1426; x_wconf 73' lang='lat' dir='ltr'><strong>Angliae</strong></span> <span class='ocrx_word' id='word_1_52' title='bbox 587 1327 757 1426; x_wconf 82' lang='lat' dir='ltr'><strong>Sibyllam</strong></span> <span class='ocrx_word' id='word_1_53' title='bbox 776 1327 1080 1424; x_wconf 70' lang='lat' dir='ltr'><strong>audegaveusem,</strong></span> <span class='ocrx_word' id='word_1_54' title='bbox 1101 1327 1281 1402; x_wconf 89' lang='lat' dir='ltr'><strong>Guillelmi</strong></span> <span class='ocrx_word' id='word_1_55' title='bbox 1302 1355 1390 1429; x_wconf 65' lang='lat' dir='ltr'><strong>prte-</strong></span> 
     </span>
     <span class='ocr_line' id='line_1_9' title="bbox 329 1443 1288 1544; baseline 0.003 -31"><span class='ocrx_word' id='word_1_56' title='bbox 329 1443 524 1516; x_wconf 88' lang='lat' dir='ltr'><strong>decesson&#39;s</strong></span> <span class='ocrx_word' id='word_1_57' title='bbox 540 1445 594 1517; x_wconf 89' lang='lat' dir='ltr'><strong>sui</strong></span> <span class='ocrx_word' id='word_1_58' title='bbox 610 1467 792 1544; x_wconf 84' lang='lat' dir='ltr'><strong>sponsam,</strong></span> <span class='ocrx_word' id='word_1_59' title='bbox 810 1445 848 1516; x_wconf 90' lang='lat' dir='ltr'><strong>in</strong></span> <span class='ocrx_word' id='word_1_60' title='bbox 865 1445 1055 1541; x_wconf 83' lang='lat' dir='ltr'><strong>conjugem</strong></span> <span class='ocrx_word' id='word_1_61' title='bbox 1071 1445 1207 1544; x_wconf 90' lang='lat' dir='ltr'><strong>accepit</strong></span> <span class='ocrx_word' id='word_1_62' title='bbox 1221 1447 1288 1542; x_wconf 75' lang='grc'><strong>(4).</strong></span> 
     </span>
     <span class='ocr_line' id='line_1_10' title="bbox 376 1559 1390 1659; baseline 0.004 -29"><span class='ocrx_word' id='word_1_63' title='bbox 376 1563 494 1631; x_wconf 89' lang='lat' dir='ltr'><strong>XLVl.</strong></span> <span class='ocrx_word' id='word_1_64' title='bbox 517 1559 653 1632; x_wconf 81' lang='lat' dir='ltr'><strong>Auxilio</strong></span> <span class='ocrx_word' id='word_1_65' title='bbox 669 1561 814 1659; x_wconf 89' lang='lat' dir='ltr'><strong>superni</strong></span> <span class='ocrx_word' id='word_1_66' title='bbox 825 1559 1078 1659; x_wconf 84' lang='lat' dir='ltr'><strong>dispensatoris</strong></span> <span class='ocrx_word' id='word_1_67' title='bbox 1089 1559 1210 1651; x_wconf 85' lang='lat' dir='ltr'><strong>fretus,</strong></span> <span class='ocrx_word' id='word_1_68' title='bbox 1226 1586 1287 1634; x_wconf 79' lang='lat' dir='ltr'><strong>rex</strong></span> <span class='ocrx_word' id='word_1_69' title='bbox 1298 1567 1390 1636; x_wconf 86' lang='lat' dir='ltr'><strong>ilen-</strong></span> 
     </span>
     <span class='ocr_line' id='line_1_11' title="bbox 328 1663 1388 1774; baseline 0.004 -28"><span class='ocrx_word' id='word_1_70' title='bbox 328 1675 423 1757; x_wconf 88' lang='lat' dir='ltr'><strong>ricus</strong></span> <span class='ocrx_word' id='word_1_71' title='bbox 432 1675 525 1750; x_wconf 85' lang='lat' dir='ltr'><strong>inter</strong></span> <span class='ocrx_word' id='word_1_72' title='bbox 538 1689 593 1750; x_wconf 93' lang='lat' dir='ltr'><strong>tot</strong></span> <span class='ocrx_word' id='word_1_73' title='bbox 606 1674 754 1748; x_wconf 88' lang='lat' dir='ltr'><strong>adversa</strong></span> <span class='ocrx_word' id='word_1_74' title='bbox 766 1663 900 1773; x_wconf 85' lang='lat' dir='ltr'><strong>rigidus</strong></span> <span class='ocrx_word' id='word_1_75' title='bbox 912 1676 948 1746; x_wconf 90' lang='lat' dir='ltr'><strong>in</strong></span> <span class='ocrx_word' id='word_1_76' title='bbox 960 1674 1096 1773; x_wconf 73' lang='lat' dir='ltr'><strong>fastigio</strong></span> <span class='ocrx_word' id='word_1_77' title='bbox 1105 1676 1270 1774; x_wconf 82' lang='lat' dir='ltr'><strong>perstitit,</strong></span> <span class='ocrx_word' id='word_1_78' title='bbox 1286 1693 1322 1750; x_wconf 91' lang='lat' dir='ltr'><strong>et</strong></span> <span class='ocrx_word' id='word_1_79' title='bbox 1335 1703 1388 1750; x_wconf 86' lang='lat' dir='ltr'><strong>re·</strong></span> 
     </span>
     <span class='ocr_line' id='line_1_12' title="bbox 325 1787 1389 1890; baseline 0.002 -28"><span class='ocrx_word' id='word_1_80' title='bbox 325 1787 466 1890; x_wconf 71' lang='lat' dir='ltr'><strong>pelleae</strong></span> <span class='ocrx_word' id='word_1_81' title='bbox 478 1791 667 1866; x_wconf 88' lang='lat' dir='ltr'><strong>temerario</strong></span> <span class='ocrx_word' id='word_1_82' title='bbox 679 1815 769 1864; x_wconf 87' lang='lat' dir='ltr'><strong>ausu</strong></span> <span class='ocrx_word' id='word_1_83' title='bbox 781 1789 999 1882; x_wconf 88' lang='lat' dir='ltr'><strong>deficientes,</strong></span> <span class='ocrx_word' id='word_1_84' title='bbox 1014 1814 1169 1888; x_wconf 87' lang='lat' dir='ltr'><strong>eumque</strong></span> <span class='ocrx_word' id='word_1_85' title='bbox 1182 1791 1389 1890; x_wconf 87' lang='lat' dir='ltr'><strong>suppliciter</strong></span> 
     </span>
     <span class='ocr_line' id='line_1_13' title="bbox 325 1905 1387 2005; baseline 0.002 -27"><span class='ocrx_word' id='word_1_86' title='bbox 325 1919 525 2004; x_wconf 82' lang='lat' dir='ltr'><strong>repetentes</strong></span> <span class='ocrx_word' id='word_1_87' title='bbox 544 1909 716 2005; x_wconf 86' lang='lat' dir='ltr'><strong>suscepit,</strong></span> <span class='ocrx_word' id='word_1_88' title='bbox 739 1921 775 1978; x_wconf 92' lang='lat' dir='ltr'><strong>et</strong></span> <span class='ocrx_word' id='word_1_89' title='bbox 793 1905 926 1978; x_wconf 87' lang='lat' dir='ltr'><strong>sollerti</strong></span> <span class='ocrx_word' id='word_1_90' title='bbox 946 1905 1165 2004; x_wconf 86' lang='lat' dir='ltr'><strong>benignitate</strong></span> <span class='ocrx_word' id='word_1_91' title='bbox 1185 1931 1308 1981; x_wconf 87' lang='lat' dir='ltr'><strong>secum</strong></span> <span class='ocrx_word' id='word_1_92' title='bbox 1330 1933 1387 1980; x_wconf 91' lang='lat' dir='ltr'><strong>re-</strong></span> 
     </span>
     <span class='ocr_line' id='line_1_14' title="bbox 324 2021 1385 2121; baseline -0.004 -21"><span class='ocrx_word' id='word_1_93' title='bbox 324 2021 507 2100; x_wconf 81' lang='lat' dir='ltr'><strong>conciliari</strong></span> <span class='ocrx_word' id='word_1_94' title='bbox 524 2021 717 2096; x_wconf 88' lang='lat' dir='ltr'><strong>consensit.</strong></span> <span class='ocrx_word' id='word_1_95' title='bbox 744 2023 883 2096; x_wconf 88' lang='lat' dir='ltr'><strong>Primus</strong></span> <span class='ocrx_word' id='word_1_96' title='bbox 905 2023 1042 2119; x_wconf 85' lang='lat' dir='ltr'><strong>itaque,</strong></span> <span class='ocrx_word' id='word_1_97' title='bbox 1061 2039 1102 2094; x_wconf 91' lang='lat' dir='ltr'><strong>ut</strong></span> <span class='ocrx_word' id='word_1_98' title='bbox 1121 2046 1228 2121; x_wconf 85' lang='lat' dir='ltr'><strong>supra</strong></span> <span class='ocrx_word' id='word_1_99' title='bbox 1250 2022 1385 2096; x_wconf 89' lang='lat' dir='ltr'><strong>dictum</strong></span> 
     </span>
     <span class='ocr_line' id='line_1_15' title="bbox 322 2137 1385 2233; baseline 0.006 -25"><span class='ocrx_word' id='word_1_100' title='bbox 322 2152 389 2232; x_wconf 86' lang='lat' dir='ltr'><strong>est,</strong></span> <span class='ocrx_word' id='word_1_101' title='bbox 405 2137 618 2212; x_wconf 90' lang='lat' dir='ltr'><strong>Guillelmus</strong></span> <span class='ocrx_word' id='word_1_102' title='bbox 634 2138 680 2211; x_wconf 91' lang='lat' dir='ltr'><strong>de</strong></span> <span class='ocrx_word' id='word_1_103' title='bbox 698 2139 863 2210; x_wconf 85' lang='lat' dir='ltr'><strong>Rolmara</strong></span> <span class='ocrx_word' id='word_1_104' title='bbox 874 2139 948 2233; x_wconf 84' lang='lat' dir='ltr'><strong>regi</strong></span> <span class='ocrx_word' id='word_1_105' title='bbox 962 2137 1161 2212; x_wconf 86' lang='lat' dir='ltr'><strong>honorilice</strong></span> <span class='ocrx_word' id='word_1_106' title='bbox 1179 2139 1385 2214; x_wconf 83' lang='lat' dir='ltr'><strong>reconcilia-</strong></span> 
     </span>
     <span class='ocr_line' id='line_1_16' title="bbox 324 2251 1387 2350; baseline 0.005 -28"><span class='ocrx_word' id='word_1_107' title='bbox 324 2265 381 2350; x_wconf 83' lang='lat' dir='ltr'><strong>tus</strong></span> <span class='ocrx_word' id='word_1_108' title='bbox 408 2267 480 2343; x_wconf 89' lang='lat' dir='ltr'><strong>est,</strong></span> <span class='ocrx_word' id='word_1_109' title='bbox 503 2267 540 2326; x_wconf 89' lang='lat' dir='ltr'><strong>et</strong></span> <span class='ocrx_word' id='word_1_110' title='bbox 562 2251 691 2326; x_wconf 84' lang='lat' dir='ltr'><strong>exinde</strong></span> <span class='ocrx_word' id='word_1_111' title='bbox 716 2251 896 2346; x_wconf 80' lang='lat' dir='ltr'><strong>familiaris</strong></span> <span class='ocrx_word' id='word_1_112' title='bbox 918 2254 994 2349; x_wconf 90' lang='lat' dir='ltr'><strong>ejus</strong></span> <span class='ocrx_word' id='word_1_113' title='bbox 1015 2253 1168 2326; x_wconf 88' lang='lat' dir='ltr'><strong>conviva</strong></span> <span class='ocrx_word' id='word_1_114' title='bbox 1190 2267 1227 2326; x_wconf 91' lang='lat' dir='ltr'><strong>et</strong></span> <span class='ocrx_word' id='word_1_115' title='bbox 1250 2255 1387 2327; x_wconf 84' lang='lat' dir='ltr'><strong>amicus</strong></span> 
     </span>
     <span class='ocr_line' id='line_1_17' title="bbox 322 2365 1385 2466; baseline 0.003 -28"><span class='ocrx_word' id='word_1_116' title='bbox 322 2365 435 2440; x_wconf 70' lang='lat' dir='ltr'><strong>lactan</strong></span> <span class='ocrx_word' id='word_1_117' title='bbox 452 2381 519 2440; x_wconf 88' lang='lat' dir='ltr'><strong>est.</strong></span> <span class='ocrx_word' id='word_1_118' title='bbox 541 2370 763 2461; x_wconf 80' lang='lat' dir='ltr'><strong>Generosam</strong></span> <span class='ocrx_word' id='word_1_119' title='bbox 785 2392 931 2466; x_wconf 89' lang='lat' dir='ltr'><strong>quoque</strong></span> <span class='ocrx_word' id='word_1_120' title='bbox 948 2368 1175 2460; x_wconf 82' lang='lat' dir='ltr'><strong>lllatlrildem,</strong></span> <span class='ocrx_word' id='word_1_121' title='bbox 1195 2367 1305 2440; x_wconf 85' lang='lat' dir='ltr'><strong>liliam</strong></span> <span class='ocrx_word' id='word_1_122' title='bbox 1329 2370 1385 2441; x_wconf 80' lang='lat' dir='ltr'><strong>lli·</strong></span> 
     </span>
     <span class='ocr_line' id='line_1_18' title="bbox 319 2481 1385 2583; baseline 0.002 -29"><span class='ocrx_word' id='word_1_123' title='bbox 319 2481 420 2580; x_wconf 79' lang='lat' dir='ltr'><strong>cardi</strong></span> <span class='ocrx_word' id='word_1_124' title='bbox 443 2482 489 2554; x_wconf 91' lang='lat' dir='ltr'><strong>dc</strong></span> <span class='ocrx_word' id='word_1_125' title='bbox 513 2483 692 2556; x_wconf 86' lang='lat' dir='ltr'><strong>iladveriis</strong></span> <span class='ocrx_word' id='word_1_126' title='bbox 714 2483 788 2580; x_wconf 84' lang='lat'><strong>(5),</strong></span> <span class='ocrx_word' id='word_1_127' title='bbox 811 2483 861 2578; x_wconf 91' lang='lat' dir='ltr'><strong>illi</strong></span> <span class='ocrx_word' id='word_1_128' title='bbox 879 2507 941 2556; x_wconf 82' lang='lat' dir='ltr'><strong>rex</strong></span> <span class='ocrx_word' id='word_1_129' title='bbox 955 2486 1147 2583; x_wconf 85' lang='lat' dir='ltr'><strong>conjugem</strong></span> <span class='ocrx_word' id='word_1_130' title='bbox 1163 2482 1280 2574; x_wconf 91' lang='lat' dir='ltr'><strong>dedit,</strong></span> <span class='ocrx_word' id='word_1_131' title='bbox 1306 2509 1385 2582; x_wconf 73' lang='lat' dir='ltr'><strong>quae</strong></span> 
     </span>
    </p>
   </div>
   <div class='ocr_carea' id='block_1_3' title="bbox 316 2741 1384 4317">
    <p class='ocr_par' dir='ltr' id='par_1_3' title="bbox 316 2741 1384 3156">
     <span class='ocr_line' id='line_1_19' title="bbox 356 2741 1383 2815; baseline -0.002 -17"><span class='ocrx_word' id='word_1_132' title='bbox 356 2745 396 2814; x_wconf 82' lang='lat' dir='ltr'><strong>(l)</strong></span> <span class='ocrx_word' id='word_1_133' title='bbox 407 2743 482 2799; x_wconf 85' lang='lat' dir='ltr'><strong>C&#39;est</strong></span> <span class='ocrx_word' id='word_1_134' title='bbox 493 2761 542 2798; x_wconf 81' lang='lat' dir='ltr'><strong>aur</strong></span> <span class='ocrx_word' id='word_1_135' title='bbox 552 2741 688 2798; x_wconf 82' lang='lat' dir='ltr'><strong>l’alllaace</strong></span> <span class='ocrx_word' id='word_1_136' title='bbox 698 2757 766 2798; x_wconf 83' lang='lat' dir='ltr'><strong>avec</strong></span> <span class='ocrx_word' id='word_1_137' title='bbox 777 2741 866 2804; x_wconf 83' lang='lat' dir='ltr'><strong>Henri</strong></span> <span class='ocrx_word' id='word_1_138' title='bbox 879 2759 935 2815; x_wconf 88' lang='lat' dir='ltr'><strong>que</strong></span> <span class='ocrx_word' id='word_1_139' title='bbox 945 2751 1058 2815; x_wconf 86' lang='lat' dir='ltr'><strong>portent</strong></span> <span class='ocrx_word' id='word_1_140' title='bbox 1070 2743 1108 2798; x_wconf 82' lang='lat' dir='ltr'><strong>lea</strong></span> <span class='ocrx_word' id='word_1_141' title='bbox 1119 2753 1193 2798; x_wconf 79' lang='lat' dir='ltr'><strong>mota</strong></span> <span class='ocrx_word' id='word_1_142' title='bbox 1207 2767 1213 2798; x_wconf 94' lang='lat'><strong>:</strong></span> <span class='ocrx_word' id='word_1_143' title='bbox 1227 2764 1246 2799; x_wconf 85' lang='lat' dir='ltr'><strong>a</strong></span> <span class='ocrx_word' id='word_1_144' title='bbox 1258 2746 1383 2808; x_wconf 80' lang='lat' dir='ltr'><strong>secretis,</strong></span> 
     </span>
     <span class='ocr_line' id='line_1_20' title="bbox 320 2829 1384 2906; baseline 0.002 -23"><span class='ocrx_word' id='word_1_145' title='bbox 320 2832 369 2904; x_wconf 82' lang='lat' dir='ltr'><strong>qui</strong></span> <span class='ocrx_word' id='word_1_146' title='bbox 386 2849 421 2886; x_wconf 88' lang='lat' dir='ltr'><strong>ne</strong></span> <span class='ocrx_word' id='word_1_147' title='bbox 438 2830 565 2888; x_wconf 80' lang='lat' dir='ltr'><strong>donneat</strong></span> <span class='ocrx_word' id='word_1_148' title='bbox 583 2849 631 2904; x_wconf 82' lang='lat' dir='ltr'><strong>pas</strong></span> <span class='ocrx_word' id='word_1_149' title='bbox 649 2847 704 2886; x_wconf 87' lang='lat' dir='ltr'><strong>une</strong></span> <span class='ocrx_word' id='word_1_150' title='bbox 721 2829 807 2886; x_wconf 83' lang='lat' dir='ltr'><strong>lrautc</strong></span> <span class='ocrx_word' id='word_1_151' title='bbox 822 2829 884 2886; x_wconf 89' lang='lat' dir='ltr'><strong>ide&#39;e</strong></span> <span class='ocrx_word' id='word_1_152' title='bbox 901 2829 937 2884; x_wconf 91' lang='lat' dir='ltr'><strong>de</strong></span> <span class='ocrx_word' id='word_1_153' title='bbox 954 2829 978 2884; x_wconf 92' lang='lat' dir='ltr'><strong>la</strong></span> <span class='ocrx_word' id='word_1_154' title='bbox 997 2829 1108 2904; x_wconf 77' lang='lat' dir='ltr'><strong>loyaute</strong></span> <span class='ocrx_word' id='word_1_155' title='bbox 1125 2830 1174 2890; x_wconf 86' lang='lat' dir='ltr'><strong>des</strong></span> <span class='ocrx_word' id='word_1_156' title='bbox 1191 2830 1262 2886; x_wconf 86' lang='lat' dir='ltr'><strong>deux</strong></span> <span class='ocrx_word' id='word_1_157' title='bbox 1283 2833 1384 2906; x_wconf 79' lang='lat' dir='ltr'><strong>parties</strong></span> 
     </span>
     <span class='ocr_line' id='line_1_21' title="bbox 316 2903 534 2978; baseline 0 -4"><span class='ocrx_word' id='word_1_158' title='bbox 316 2903 534 2978; x_wconf 45' lang='lat' dir='ltr'><strong>‘contractantes</strong></span> 
     </span>
     <span class='ocr_line' id='line_1_22' title="bbox 316 3005 1383 3082; baseline -0.002 -16"><span class='ocrx_word' id='word_1_159' title='bbox 316 3017 321 3026; x_wconf 89' lang='lat'>&#39;</span> <span class='ocrx_word' id='word_1_160' title='bbox 355 3013 394 3082; x_wconf 75' lang='lat'><strong>(2¹7</strong></span> <span class='ocrx_word' id='word_1_161' title='bbox 407 3007 572 3082; x_wconf 83' lang='lat' dir='ltr'><strong>Cependant</strong></span> <span class='ocrx_word' id='word_1_162' title='bbox 583 3025 615 3062; x_wconf 87' lang='lat' dir='ltr'><strong>ce</strong></span> <span class='ocrx_word' id='word_1_163' title='bbox 628 3025 663 3062; x_wconf 88' lang='lat' dir='ltr'><strong>ne</strong></span> <span class='ocrx_word' id='word_1_164' title='bbox 673 3007 716 3064; x_wconf 81' lang='lat' dir='ltr'><strong>lut</strong></span> <span class='ocrx_word' id='word_1_165' title='bbox 725 3008 809 3082; x_wconf 86' lang='lat' dir='ltr'><strong>qu&#39;en</strong></span> <span class='ocrx_word' id='word_1_166' title='bbox 823 3009 891 3065; x_wconf 75' lang='lat'><strong>⁴⁴³2</strong></span> <span class='ocrx_word' id='word_1_167' title='bbox 904 3006 972 3080; x_wconf 81' lang='lat' dir='ltr'><strong>qu&#39;il</strong></span> <span class='ocrx_word' id='word_1_168' title='bbox 982 3005 1012 3062; x_wconf 88' lang='lat' dir='ltr'><strong>fit</strong></span> <span class='ocrx_word' id='word_1_169' title='bbox 1024 3007 1174 3082; x_wconf 81' lang='lat' dir='ltr'><strong>hommage</strong></span> <span class='ocrx_word' id='word_1_170' title='bbox 1184 3007 1221 3064; x_wconf 85' lang='lat' dir='ltr'><strong>de</strong></span> <span class='ocrx_word' id='word_1_171' title='bbox 1232 3025 1282 3064; x_wconf 84' lang='lat' dir='ltr'><strong>aon</strong></span> <span class='ocrx_word' id='word_1_172' title='bbox 1291 3014 1383 3065; x_wconf 71' lang='lat' dir='ltr'><strong>comte</strong></span> 
     </span>
     <span class='ocr_line' id='line_1_23' title="bbox 317 3095 569 3156; baseline -0.016 0"><span class='ocrx_word' id='word_1_173' title='bbox 317 3095 569 3156; x_wconf 60' lang='lat' dir='ltr'><strong>amuis-leena.</strong></span> 
     </span>
    </p>

    <p class='ocr_par' dir='ltr' id='par_1_4' title="bbox 320 3183 1384 3350">
     <span class='ocr_line' id='line_1_24' title="bbox 354 3183 1384 3260; baseline -0.003 -16"><span class='ocrx_word' id='word_1_174' title='bbox 354 3188 394 3256; x_wconf 81' lang='grc'><strong>(3)</strong></span> <span class='ocrx_word' id='word_1_175' title='bbox 406 3185 485 3241; x_wconf 87' lang='lat' dir='ltr'><strong>Nous</strong></span> <span class='ocrx_word' id='word_1_176' title='bbox 495 3201 532 3240; x_wconf 89' lang='lat' dir='ltr'><strong>ne</strong></span> <span class='ocrx_word' id='word_1_177' title='bbox 541 3201 644 3258; x_wconf 79' lang='lat' dir='ltr'><strong>voyons</strong></span> <span class='ocrx_word' id='word_1_178' title='bbox 658 3202 707 3257; x_wconf 80' lang='lat' dir='ltr'><strong>pas</strong></span> <span class='ocrx_word' id='word_1_179' title='bbox 718 3203 753 3240; x_wconf 88' lang='lat' dir='ltr'><strong>cn</strong></span> <span class='ocrx_word' id='word_1_180' title='bbox 765 3186 832 3258; x_wconf 91' lang='lat' dir='ltr'><strong>quoi</strong></span> <span class='ocrx_word' id='word_1_181' title='bbox 847 3193 920 3240; x_wconf 81' lang='lat' dir='ltr'><strong>cette</strong></span> <span class='ocrx_word' id='word_1_182' title='bbox 933 3185 1104 3240; x_wconf 72' lang='lat' dir='ltr'><strong>auzerainetd</strong></span> <span class='ocrx_word' id='word_1_183' title='bbox 1117 3186 1229 3257; x_wconf 86' lang='lat' dir='ltr'><strong>pouvait</strong></span> <span class='ocrx_word' id='word_1_184' title='bbox 1240 3183 1384 3260; x_wconf 75' lang='lat' dir='ltr'><strong>dependre</strong></span> 
     </span>
     <span class='ocr_line' id='line_1_25' title="bbox 320 3272 1190 3350; baseline -0.001 -21"><span class='ocrx_word' id='word_1_185' title='bbox 320 3276 358 3330; x_wconf 85' lang='lat' dir='ltr'><strong>dn</strong></span> <span class='ocrx_word' id='word_1_186' title='bbox 372 3277 413 3331; x_wconf 91' lang='lat' dir='ltr'><strong>rol</strong></span> <span class='ocrx_word' id='word_1_187' title='bbox 426 3273 620 3349; x_wconf 75' lang='lat' dir='ltr'><strong>d’rlngleterre</strong></span> <span class='ocrx_word' id='word_1_188' title='bbox 632 3285 789 3331; x_wconf 83' lang='lat' dir='ltr'><strong>autrement</strong></span> <span class='ocrx_word' id='word_1_189' title='bbox 801 3293 856 3350; x_wconf 88' lang='lat' dir='ltr'><strong>que</strong></span> <span class='ocrx_word' id='word_1_190' title='bbox 870 3293 920 3348; x_wconf 87' lang='lat' dir='ltr'><strong>par</strong></span> <span class='ocrx_word' id='word_1_191' title='bbox 932 3274 968 3330; x_wconf 89' lang='lat' dir='ltr'><strong>dc</strong></span> <span class='ocrx_word' id='word_1_192' title='bbox 980 3275 1051 3330; x_wconf 84' lang='lat' dir='ltr'><strong>bons</strong></span> <span class='ocrx_word' id='word_1_193' title='bbox 1064 3272 1190 3329; x_wconf 72' lang='lat' dir='ltr'><strong>conaelle.</strong></span> 
     </span>
    </p>

    <p class='ocr_par' dir='ltr' id='par_1_5' title="bbox 320 3361 1382 3597">
     <span class='ocr_line' id='line_1_26' title="bbox 355 3361 1382 3436; baseline -0.003 -18"><span class='ocrx_word' id='word_1_194' title='bbox 355 3364 394 3434; x_wconf 87' lang='lat' dir='ltr'><strong>(l)</strong></span> <span class='ocrx_word' id='word_1_195' title='bbox 412 3363 446 3417; x_wconf 84' lang='lat' dir='ltr'><strong>Sa</strong></span> <span class='ocrx_word' id='word_1_196' title='bbox 463 3363 601 3436; x_wconf 73' lang='lat' dir='ltr'><strong>premiere</strong></span> <span class='ocrx_word' id='word_1_197' title='bbox 619 3363 719 3416; x_wconf 89' lang='lat' dir='ltr'><strong>lemme</strong></span> <span class='ocrx_word' id='word_1_198' title='bbox 737 3362 804 3418; x_wconf 87' lang='lat' dir='ltr'><strong>e&#39;tait</strong></span> <span class='ocrx_word' id='word_1_199' title='bbox 821 3361 1014 3432; x_wconf 86' lang='lat' dir='ltr'><strong>Swanclrildc,</strong></span> <span class='ocrx_word' id='word_1_200' title='bbox 1036 3371 1065 3416; x_wconf 90' lang='lat' dir='ltr'><strong>et</strong></span> <span class='ocrx_word' id='word_1_201' title='bbox 1083 3379 1140 3416; x_wconf 90' lang='lat' dir='ltr'><strong>non</strong></span> <span class='ocrx_word' id='word_1_202' title='bbox 1157 3361 1327 3433; x_wconf 81' lang='lat' dir='ltr'><strong>Margoerile</strong></span> <span class='ocrx_word' id='word_1_203' title='bbox 1347 3362 1382 3416; x_wconf 85' lang='lat' dir='ltr'><strong>de</strong></span> 
     </span>
     <span class='ocr_line' id='line_1_27' title="bbox 320 3448 1382 3524; baseline -0.002 -20"><span class='ocrx_word' id='word_1_204' title='bbox 320 3449 474 3518; x_wconf 81' lang='lat' dir='ltr'><strong>Clermont,</strong></span> <span class='ocrx_word' id='word_1_205' title='bbox 485 3467 572 3507; x_wconf 84' lang='lat' dir='ltr'><strong>veuve</strong></span> <span class='ocrx_word' id='word_1_206' title='bbox 583 3450 676 3506; x_wconf 86' lang='lat' dir='ltr'><strong>deson</strong></span> <span class='ocrx_word' id='word_1_207' title='bbox 690 3450 886 3524; x_wconf 75' lang='lat' dir='ltr'><strong>predecesseur</strong></span> <span class='ocrx_word' id='word_1_208' title='bbox 896 3474 902 3504; x_wconf 73' lang='grc' dir='ltr'><em>ι</em></span> <span class='ocrx_word' id='word_1_209' title='bbox 912 3449 1029 3506; x_wconf 85' lang='lat' dir='ltr'><strong>Charles</strong></span> <span class='ocrx_word' id='word_1_210' title='bbox 1039 3449 1075 3504; x_wconf 89' lang='lat' dir='ltr'><strong>de</strong></span> <span class='ocrx_word' id='word_1_211' title='bbox 1086 3449 1253 3518; x_wconf 80' lang='lat' dir='ltr'><strong>Danetnark,</strong></span> <span class='ocrx_word' id='word_1_212' title='bbox 1264 3448 1382 3524; x_wconf 80' lang='lat' dir='ltr'><strong>laquelle</strong></span> 
     </span>
     <span class='ocr_line' id='line_1_28' title="bbox 321 3543 600 3597; baseline 0.004 -4"><span class='ocrx_word' id='word_1_213' title='bbox 321 3549 434 3594; x_wconf 88' lang='lat' dir='ltr'><strong>mourut</strong></span> <span class='ocrx_word' id='word_1_214' title='bbox 448 3557 507 3594; x_wconf 83' lang='lat' dir='ltr'><strong>vera</strong></span> <span class='ocrx_word' id='word_1_215' title='bbox 520 3543 600 3597; x_wconf 75' lang='grc'><strong>4430.</strong></span> 
     </span>
    </p>

    <p class='ocr_par' dir='ltr' id='par_1_6' title="bbox 319 3621 1381 3966">
     <span class='ocr_line' id='line_1_29' title="bbox 355 3621 1380 3699; baseline -0.003 -18"><span class='ocrx_word' id='word_1_216' title='bbox 355 3626 390 3682; x_wconf 91' lang='lat' dir='ltr'><strong>Sa</strong></span> <span class='ocrx_word' id='word_1_217' title='bbox 402 3625 522 3681; x_wconf 86' lang='lat' dir='ltr'><strong>seconde</strong></span> <span class='ocrx_word' id='word_1_218' title='bbox 535 3627 653 3682; x_wconf 83' lang='lat' dir='ltr'><strong>lemme:</strong></span> <span class='ocrx_word' id='word_1_219' title='bbox 670 3625 774 3699; x_wconf 82' lang='lat' dir='ltr'><strong>sibylte</strong></span> <span class='ocrx_word' id='word_1_220' title='bbox 786 3625 923 3697; x_wconf 81' lang='lat' dir='ltr'><strong>d’Anjou,</strong></span> <span class='ocrx_word' id='word_1_221' title='bbox 942 3624 1045 3680; x_wconf 73' lang='lat' dir='ltr'><strong>fianeee</strong></span> <span class='ocrx_word' id='word_1_222' title='bbox 1061 3629 1076 3679; x_wconf 75' lang='lat' dir='ltr'><strong>a</strong></span> <span class='ocrx_word' id='word_1_223' title='bbox 1092 3621 1255 3682; x_wconf 78' lang='lat' dir='ltr'><strong>Guillaumc</strong></span> <span class='ocrx_word' id='word_1_224' title='bbox 1270 3623 1380 3686; x_wconf 81' lang='lat' dir='ltr'><strong>Cliton.</strong></span> 
     </span>
     <span class='ocr_line' id='line_1_30' title="bbox 320 3711 1381 3790; baseline -0.002 -22"><span class='ocrx_word' id='word_1_225' title='bbox 320 3716 441 3788; x_wconf 74' lang='lat' dir='ltr'><strong>l&#39;epousa</strong></span> <span class='ocrx_word' id='word_1_226' title='bbox 465 3733 518 3788; x_wconf 88' lang='lat' dir='ltr'><strong>peu</strong></span> <span class='ocrx_word' id='word_1_227' title='bbox 538 3717 631 3790; x_wconf 75' lang='lat' dir='ltr'><strong>apres,</strong></span> <span class='ocrx_word' id='word_1_228' title='bbox 653 3735 689 3770; x_wconf 85' lang='lat' dir='ltr'><strong>cn</strong></span> <span class='ocrx_word' id='word_1_229' title='bbox 709 3716 793 3782; x_wconf 82' lang='grc'><strong>4434,</strong></span> <span class='ocrx_word' id='word_1_230' title='bbox 816 3723 844 3768; x_wconf 85' lang='lat' dir='ltr'><strong>et</strong></span> <span class='ocrx_word' id='word_1_231' title='bbox 867 3711 893 3768; x_wconf 87' lang='lat' dir='ltr'><strong>le</strong></span> <span class='ocrx_word' id='word_1_232' title='bbox 915 3712 998 3767; x_wconf 83' lang='lat' dir='ltr'><strong>solvit</strong></span> <span class='ocrx_word' id='word_1_233' title='bbox 1015 3712 1084 3766; x_wconf 86' lang='lat' dir='ltr'><strong>dans</strong></span> <span class='ocrx_word' id='word_1_234' title='bbox 1105 3729 1147 3768; x_wconf 79' lang='lat' dir='ltr'><strong>ses</strong></span> <span class='ocrx_word' id='word_1_235' title='bbox 1166 3712 1239 3768; x_wconf 82' lang='lat' dir='ltr'><strong>deux</strong></span> <span class='ocrx_word' id='word_1_236' title='bbox 1257 3711 1381 3767; x_wconf 83' lang='lat' dir='ltr'><strong>derniers</strong></span> 
     </span>
     <span class='ocr_line' id='line_1_31' title="bbox 319 3799 1381 3877; baseline -0.005 -20"><span class='ocrx_word' id='word_1_237' title='bbox 319 3821 435 3877; x_wconf 77' lang='lat' dir='ltr'><strong>voyages</strong></span> <span class='ocrx_word' id='word_1_238' title='bbox 447 3807 462 3858; x_wconf 79' lang='lat' dir='ltr'><strong>a</strong></span> <span class='ocrx_word' id='word_1_239' title='bbox 474 3803 499 3859; x_wconf 94' lang='lat' dir='ltr'><strong>la</strong></span> <span class='ocrx_word' id='word_1_240' title='bbox 511 3803 719 3860; x_wconf 85' lang='lat' dir='ltr'><strong>Terre-Salute.</strong></span> <span class='ocrx_word' id='word_1_241' title='bbox 734 3802 793 3858; x_wconf 85' lang='lat' dir='ltr'><strong>Elle</strong></span> <span class='ocrx_word' id='word_1_242' title='bbox 805 3821 822 3874; x_wconf 86' lang='lat' dir='ltr'><strong>y</strong></span> <span class='ocrx_word' id='word_1_243' title='bbox 836 3809 907 3856; x_wconf 82' lang='lat' dir='ltr'><strong>resta</strong></span> <span class='ocrx_word' id='word_1_244' title='bbox 920 3800 944 3855; x_wconf 92' lang='lat' dir='ltr'><strong>la</strong></span> <span class='ocrx_word' id='word_1_245' title='bbox 962 3799 1089 3874; x_wconf 76' lang='lat' dir='ltr'><strong>derniere</strong></span> <span class='ocrx_word' id='word_1_246' title='bbox 1101 3801 1154 3857; x_wconf 82' lang='lat' dir='ltr'><strong>loia</strong></span> <span class='ocrx_word' id='word_1_247' title='bbox 1167 3799 1273 3872; x_wconf 74' lang='lat' dir='ltr'><strong>malgre</strong></span> <span class='ocrx_word' id='word_1_248' title='bbox 1286 3799 1338 3867; x_wconf 81' lang='lat' dir='ltr'><strong>lai,</strong></span> <span class='ocrx_word' id='word_1_249' title='bbox 1353 3807 1381 3852; x_wconf 85' lang='lat' dir='ltr'><strong>et</strong></span> 
     </span>
     <span class='ocr_line' id='line_1_32' title="bbox 319 3887 1265 3966; baseline -0.006 -19"><span class='ocrx_word' id='word_1_250' title='bbox 319 3895 375 3966; x_wconf 86' lang='lat' dir='ltr'><strong>prit</strong></span> <span class='ocrx_word' id='word_1_251' title='bbox 389 3891 414 3946; x_wconf 84' lang='lat' dir='ltr'><strong>le</strong></span> <span class='ocrx_word' id='word_1_252' title='bbox 426 3893 497 3948; x_wconf 88' lang='lat' dir='ltr'><strong>voile</strong></span> <span class='ocrx_word' id='word_1_253' title='bbox 510 3911 545 3948; x_wconf 90' lang='lat' dir='ltr'><strong>au</strong></span> <span class='ocrx_word' id='word_1_254' title='bbox 560 3903 681 3947; x_wconf 88' lang='lat' dir='ltr'><strong>couvent</strong></span> <span class='ocrx_word' id='word_1_255' title='bbox 693 3892 728 3946; x_wconf 89' lang='lat' dir='ltr'><strong>de</strong></span> <span class='ocrx_word' id='word_1_256' title='bbox 741 3891 931 3946; x_wconf 68' lang='lat' dir='ltr'><strong>Salat-Latara</strong></span> <span class='ocrx_word' id='word_1_257' title='bbox 943 3888 978 3944; x_wconf 89' lang='lat' dir='ltr'><strong>de</strong></span> <span class='ocrx_word' id='word_1_258' title='bbox 992 3887 1125 3944; x_wconf 77' lang='lat' dir='ltr'><strong>Bethanie</strong></span> <span class='ocrx_word' id='word_1_259' title='bbox 1137 3907 1174 3944; x_wconf 90' lang='lat' dir='ltr'><strong>en</strong></span> <span class='ocrx_word' id='word_1_260' title='bbox 1185 3891 1265 3945; x_wconf 75' lang='lat'><strong>⁴⁴58.</strong></span> 
     </span>
    </p>

    <p class='ocr_par' dir='ltr' id='par_1_7' title="bbox 321 3975 1380 4228">
     <span class='ocr_line' id='line_1_33' title="bbox 356 3975 1380 4055; baseline -0.007 -18"><span class='ocrx_word' id='word_1_261' title='bbox 356 3981 396 4055; x_wconf 78' lang='lat' dir='ltr'><strong>(t)</strong></span> <span class='ocrx_word' id='word_1_262' title='bbox 409 3979 532 4036; x_wconf 85' lang='lat' dir='ltr'><strong>Riclrard</strong></span> <span class='ocrx_word' id='word_1_263' title='bbox 546 3979 581 4034; x_wconf 87' lang='lat' dir='ltr'><strong>de</strong></span> <span class='ocrx_word' id='word_1_264' title='bbox 594 3979 714 4042; x_wconf 77' lang='lat' dir='ltr'><strong>lleriers,</strong></span> <span class='ocrx_word' id='word_1_265' title='bbox 730 3981 860 4052; x_wconf 87' lang='lat' dir='ltr'><strong>seigneur</strong></span> <span class='ocrx_word' id='word_1_266' title='bbox 871 3978 906 4034; x_wconf 84' lang='lat' dir='ltr'><strong>de</strong></span> <span class='ocrx_word' id='word_1_267' title='bbox 918 3977 1019 4032; x_wconf 72' lang='lat' dir='ltr'><strong>Nehou</strong></span> <span class='ocrx_word' id='word_1_268' title='bbox 1031 3995 1066 4032; x_wconf 89' lang='lat' dir='ltr'><strong>en</strong></span> <span class='ocrx_word' id='word_1_269' title='bbox 1078 3977 1264 4044; x_wconf 84' lang='lat' dir='ltr'><strong>Normandie,</strong></span> <span class='ocrx_word' id='word_1_270' title='bbox 1277 3975 1380 4033; x_wconf 79' lang='lat' dir='ltr'><strong>d’Oak·</strong></span> 
     </span>
     <span class='ocr_line' id='line_1_34' title="bbox 321 4064 1377 4142; baseline -0.004 -20"><span class='ocrx_word' id='word_1_271' title='bbox 321 4067 470 4142; x_wconf 82' lang='lat' dir='ltr'><strong>hampton,</strong></span> <span class='ocrx_word' id='word_1_272' title='bbox 491 4067 553 4142; x_wconf 86' lang='lat' dir='ltr'><strong>puis</strong></span> <span class='ocrx_word' id='word_1_273' title='bbox 569 4077 661 4122; x_wconf 88' lang='lat' dir='ltr'><strong>comte</strong></span> <span class='ocrx_word' id='word_1_274' title='bbox 676 4065 712 4121; x_wconf 77' lang='lat' dir='ltr'><strong>&lt;le</strong></span> <span class='ocrx_word' id='word_1_275' title='bbox 727 4067 822 4123; x_wconf 89' lang='lat' dir='ltr'><strong>Devon</strong></span> <span class='ocrx_word' id='word_1_276' title='bbox 839 4085 875 4123; x_wconf 87' lang='lat' dir='ltr'><strong>en</strong></span> <span class='ocrx_word' id='word_1_277' title='bbox 891 4065 1065 4139; x_wconf 75' lang='lat' dir='ltr'><strong>Angleterre.</strong></span> <span class='ocrx_word' id='word_1_278' title='bbox 1080 4064 1134 4122; x_wconf 81' lang='lat' dir='ltr'><strong>Sur</strong></span> <span class='ocrx_word' id='word_1_279' title='bbox 1146 4083 1177 4121; x_wconf 88' lang='lat' dir='ltr'><strong>ce</strong></span> <span class='ocrx_word' id='word_1_280' title='bbox 1191 4081 1377 4138; x_wconf 79' lang='lat' dir='ltr'><strong>personnage,</strong></span> 
     </span>
     <span class='ocr_line' id='line_1_35' title="bbox 321 4155 791 4228; baseline -0.002 -18"><span class='ocrx_word' id='word_1_281' title='bbox 321 4175 402 4224; x_wconf 72' lang='lat' dir='ltr'><strong>voyez</strong></span> <span class='ocrx_word' id='word_1_282' title='bbox 417 4156 566 4224; x_wconf 82' lang='lat' dir='ltr'><strong>ci-dessus,</strong></span> <span class='ocrx_word' id='word_1_283' title='bbox 582 4165 603 4210; x_wconf 89' lang='lat' dir='ltr'><strong>t.</strong></span> <span class='ocrx_word' id='word_1_284' title='bbox 616 4155 673 4220; x_wconf 89' lang='lat' dir='ltr'><strong>lli,</strong></span> <span class='ocrx_word' id='word_1_285' title='bbox 687 4173 712 4228; x_wconf 88' lang='lat' dir='ltr'><strong>p.</strong></span> <span class='ocrx_word' id='word_1_286' title='bbox 730 4157 791 4212; x_wconf 76' lang='lat' dir='ltr'><strong>att.</strong></span> 
     </span>
    </p>

    <p class='ocr_par' dir='ltr' id='par_1_8' title="bbox 358 4243 1377 4317">
     <span class='ocr_line' id='line_1_36' title="bbox 358 4243 1377 4317; baseline -0.005 -18"><span class='ocrx_word' id='word_1_287' title='bbox 358 4245 433 4300; x_wconf 80' lang='lat' dir='ltr'><strong>Nous</strong></span> <span class='ocrx_word' id='word_1_288' title='bbox 447 4263 530 4302; x_wconf 74' lang='lat' dir='ltr'><strong>avons</strong></span> <span class='ocrx_word' id='word_1_289' title='bbox 541 4263 575 4302; x_wconf 80' lang='lat' dir='ltr'><strong>vu</strong></span> <span class='ocrx_word' id='word_1_290' title='bbox 589 4243 737 4314; x_wconf 69' lang='lat' dir='ltr'><strong>cidessus,</strong></span> <span class='ocrx_word' id='word_1_291' title='bbox 753 4263 780 4317; x_wconf 84' lang='lat' dir='ltr'><strong>p.</strong></span> <span class='ocrx_word' id='word_1_292' title='bbox 792 4246 859 4316; x_wconf 79' lang='lat'><strong>276,</strong></span> <span class='ocrx_word' id='word_1_293' title='bbox 879 4243 947 4316; x_wconf 84' lang='lat' dir='ltr'><strong>qu’il</strong></span> <span class='ocrx_word' id='word_1_294' title='bbox 961 4245 1028 4302; x_wconf 86' lang='lat' dir='ltr'><strong>o&#39;talt</strong></span> <span class='ocrx_word' id='word_1_295' title='bbox 1040 4253 1113 4300; x_wconf 90' lang='lat' dir='ltr'><strong>mort</strong></span> <span class='ocrx_word' id='word_1_296' title='bbox 1128 4261 1162 4299; x_wconf 86' lang='lat' dir='ltr'><strong>en</strong></span> <span class='ocrx_word' id='word_1_297' title='bbox 1174 4246 1253 4310; x_wconf 80' lang='lat' dir='ltr'><strong>not,</strong></span> <span class='ocrx_word' id='word_1_298' title='bbox 1268 4253 1296 4298; x_wconf 86' lang='lat' dir='ltr'><strong>et</strong></span> <span class='ocrx_word' id='word_1_299' title='bbox 1308 4243 1377 4298; x_wconf 79' lang='lat' dir='ltr'><strong>avait</strong></span> 
     </span>
    </p>
   </div>
   <div class='ocr_carea' id='block_1_4' title="bbox 0 0 1600 5064">
    <p class='ocr_par' dir='ltr' id='par_1_9' title="bbox 0 0 1600 5064">
     <span class='ocr_line' id='line_1_37' title="bbox 0 0 1600 5064; baseline 0 3"><span class='ocrx_word' id='word_1_300' title='bbox 0 0 1600 5064; x_wconf 95' lang='lat' dir='ltr'><strong> </strong></span> 
     </span>
    </p>
   </div>
  </div>
 </body>
</html>
