<?xml version="1.0" encoding="UTF-8"?>
<!DOCTYPE html PUBLIC "-//W3C//DTD XHTML 1.0 Transitional//EN"
    "http://www.w3.org/TR/xhtml1/DTD/xhtml1-transitional.dtd">
<html xmlns="http://www.w3.org/1999/xhtml" xml:lang="en" lang="en">
 <head>
  <title>
</title>
<meta http-equiv="Content-Type" content="text/html;charset=utf-8" />
  <meta name='ocr-system' content='tesseract 3.04.00' />
  <meta name='ocr-capabilities' content='ocr_page ocr_carea ocr_par ocr_line ocrx_word'/>
</head>
<body>
  <div class='ocr_page' id='page_1' title='image "./ordericivitalis07deligoog/ordericivitalis07deligoog_0203.png"; bbox 0 0 2888 4934; ppageno 0'>
   <div class='ocr_carea' id='block_1_1' title="bbox 233 272 237 303">
    <p class='ocr_par' dir='ltr' id='par_1_1' title="bbox 233 272 237 303">
     <span class='ocr_line' id='line_1_1' title="bbox 233 272 237 303; baseline 0 0"><span class='ocrx_word' id='word_1_1' title='bbox 233 272 237 303; x_wconf 91' lang='grc'><strong>4</strong></span> 
     </span>
    </p>
   </div>
   <div class='ocr_carea' id='block_1_2' title="bbox 194 418 1252 504">
    <p class='ocr_par' dir='ltr' id='par_1_2' title="bbox 194 418 1252 504">
     <span class='ocr_line' id='line_1_2' title="bbox 194 418 1252 504; baseline -0.002 -13"><span class='ocrx_word' id='word_1_2' title='bbox 194 432 254 491; x_wconf 80' lang='lat' dir='ltr'><strong>teo</strong></span> <span class='ocrx_word' id='word_1_3' title='bbox 469 426 653 489; x_wconf 73' lang='lat' dir='ltr'>HISTORIA</span> <span class='ocrx_word' id='word_1_4' title='bbox 674 422 979 488; x_wconf 61' lang='lat' dir='ltr'><strong>acctmlasttct.</strong></span> <span class='ocrx_word' id='word_1_5' title='bbox 1147 418 1252 504; x_wconf 78' lang='lat'><strong>[1103]</strong></span> 
     </span>
    </p>
   </div>
   <div class='ocr_carea' id='block_1_3' title="bbox 188 557 1261 3544">
    <p class='ocr_par' dir='ltr' id='par_1_3' title="bbox 189 557 1261 1115">
     <span class='ocr_line' id='line_1_3' title="bbox 192 557 1255 656; baseline -0.001 -26"><span class='ocrx_word' id='word_1_6' title='bbox 192 561 377 656; x_wconf 82' lang='lat' dir='ltr'><strong>regimine,</strong></span> <span class='ocrx_word' id='word_1_7' title='bbox 393 558 478 655; x_wconf 84' lang='lat' dir='ltr'>Regi</span> <span class='ocrx_word' id='word_1_8' title='bbox 491 557 647 631; x_wconf 79' lang='lat' dir='ltr'><strong>Sabaoth</strong></span> <span class='ocrx_word' id='word_1_9' title='bbox 660 557 833 629; x_wconf 84' lang='lat' dir='ltr'><strong>militavit.</strong></span> <span class='ocrx_word' id='word_1_10' title='bbox 853 560 936 628; x_wconf 80' lang='lat' dir='ltr'><strong>Haec</strong></span> <span class='ocrx_word' id='word_1_11' title='bbox 951 580 1016 655; x_wconf 90' lang='lat' dir='ltr'><strong>per</strong></span> <span class='ocrx_word' id='word_1_12' title='bbox 1032 557 1255 656; x_wconf 80' lang='lat' dir='ltr'><strong>anticipatio-</strong></span> 
     </span>
     <span class='ocr_line' id='line_1_4' title="bbox 192 670 1252 770; baseline -0.002 -24"><span class='ocrx_word' id='word_1_13' title='bbox 192 699 276 747; x_wconf 87' lang='lat' dir='ltr'><strong>nem</strong></span> <span class='ocrx_word' id='word_1_14' title='bbox 287 674 333 745; x_wconf 90' lang='lat' dir='ltr'><strong>de</strong></span> <span class='ocrx_word' id='word_1_15' title='bbox 347 697 519 770; x_wconf 85' lang='lat' dir='ltr'><strong>generosa</strong></span> <span class='ocrx_word' id='word_1_16' title='bbox 533 689 646 747; x_wconf 87' lang='lat' dir='ltr'><strong>matre</strong></span> <span class='ocrx_word' id='word_1_17' title='bbox 661 687 698 747; x_wconf 88' lang='lat' dir='ltr'><strong>et</strong></span> <span class='ocrx_word' id='word_1_18' title='bbox 712 672 892 744; x_wconf 80' lang='lat' dir='ltr'><strong>fortunata</strong></span> <span class='ocrx_word' id='word_1_19' title='bbox 902 671 1027 743; x_wconf 87' lang='lat' dir='ltr'><strong>sobole</strong></span> <span class='ocrx_word' id='word_1_20' title='bbox 1043 670 1141 745; x_wconf 79' lang='lat' dir='ltr'><strong>d&#39;mta</strong></span> <span class='ocrx_word' id='word_1_21' title='bbox 1156 687 1252 763; x_wconf 84' lang='lat' dir='ltr'><strong>stmt,</strong></span> 
     </span>
     <span class='ocr_line' id='line_1_5' title="bbox 189 782 1261 887; baseline 0.002 -26"><span class='ocrx_word' id='word_1_22' title='bbox 189 813 346 887; x_wconf 91' lang='lat' dir='ltr'><strong>quorum</strong></span> <span class='ocrx_word' id='word_1_23' title='bbox 365 787 465 859; x_wconf 91' lang='lat' dir='ltr'><strong>dubii</strong></span> <span class='ocrx_word' id='word_1_24' title='bbox 488 790 601 860; x_wconf 78' lang='lat' dir='ltr'><strong>exitus</strong></span> <span class='ocrx_word' id='word_1_25' title='bbox 626 787 745 859; x_wconf 89' lang='lat' dir='ltr'><strong>adhuc</strong></span> <span class='ocrx_word' id='word_1_26' title='bbox 769 786 856 858; x_wconf 87' lang='lat' dir='ltr'><strong>mibi</strong></span> <span class='ocrx_word' id='word_1_27' title='bbox 880 788 1006 859; x_wconf 83' lang='lat' dir='ltr'><strong>incerti</strong></span> <span class='ocrx_word' id='word_1_28' title='bbox 1029 801 1126 858; x_wconf 91' lang='lat' dir='ltr'><strong>sunt.</strong></span> <span class='ocrx_word' id='word_1_29' title='bbox 1153 782 1261 863; x_wconf 65' lang='lat' dir='ltr'><strong>Nune</strong></span> 
     </span>
     <span class='ocr_line' id='line_1_6' title="bbox 190 903 1257 1003; baseline -0.001 -26"><span class='ocrx_word' id='word_1_30' title='bbox 190 921 311 977; x_wconf 91' lang='lat' dir='ltr'><strong>autem</strong></span> <span class='ocrx_word' id='word_1_31' title='bbox 326 904 372 976; x_wconf 91' lang='lat' dir='ltr'><strong>ad</strong></span> <span class='ocrx_word' id='word_1_32' title='bbox 385 904 597 976; x_wconf 80' lang='lat' dir='ltr'><strong>narrationis</strong></span> <span class='ocrx_word' id='word_1_33' title='bbox 610 904 749 993; x_wconf 88' lang='lat' dir='ltr'><strong>seriem,</strong></span> <span class='ocrx_word' id='word_1_34' title='bbox 771 903 866 975; x_wconf 94' lang='lat' dir='ltr'><strong>unde</strong></span> <span class='ocrx_word' id='word_1_35' title='bbox 879 903 1060 1003; x_wconf 87' lang='lat' dir='ltr'><strong>paulisper</strong></span> <span class='ocrx_word' id='word_1_36' title='bbox 1076 903 1257 1001; x_wconf 76' lang='lat' dir='ltr'><strong>digresstrt&#39;</strong></span> 
     </span>
     <span class='ocr_line' id='line_1_7' title="bbox 190 1019 848 1115; baseline -0.005 -23"><span class='ocrx_word' id='word_1_37' title='bbox 190 1046 283 1109; x_wconf 91' lang='lat' dir='ltr'><strong>sum,</strong></span> <span class='ocrx_word' id='word_1_38' title='bbox 299 1019 389 1091; x_wconf 87' lang='lat' dir='ltr'><strong>libet</strong></span> <span class='ocrx_word' id='word_1_39' title='bbox 401 1019 572 1092; x_wconf 83' lang='lat' dir='ltr'><strong>reducere</strong></span> <span class='ocrx_word' id='word_1_40' title='bbox 587 1019 763 1092; x_wconf 91' lang='lat' dir='ltr'><strong>calamum</strong></span> <span class='ocrx_word' id='word_1_41' title='bbox 779 1021 811 1115; x_wconf 83' lang='lat' dir='ltr'><strong>(t</strong></span> <span class='ocrx_word' id='word_1_42' title='bbox 822 1019 848 1115; x_wconf 92' lang='lat'><strong>).</strong></span> 
     </span>
    </p>

    <p class='ocr_par' dir='ltr' id='par_1_4' title="bbox 188 1133 1258 3544">
     <span class='ocr_line' id='line_1_8' title="bbox 231 1133 1252 1231; baseline 0.002 -25"><span class='ocrx_word' id='word_1_43' title='bbox 231 1141 290 1207; x_wconf 92' lang='lat' dir='ltr'><strong>Vl.</strong></span> <span class='ocrx_word' id='word_1_44' title='bbox 302 1138 375 1207; x_wconf 80' lang='lat' dir='ltr'><strong>Rex</strong></span> <span class='ocrx_word' id='word_1_45' title='bbox 385 1134 577 1231; x_wconf 71' lang='lat' dir='ltr'><strong>anglorum</strong></span> <span class='ocrx_word' id='word_1_46' title='bbox 587 1134 821 1220; x_wconf 84' lang='lat' dir='ltr'><strong>Rodbertum‚</strong></span> <span class='ocrx_word' id='word_1_47' title='bbox 833 1134 1003 1206; x_wconf 89' lang='lat' dir='ltr'><strong>comitem</strong></span> <span class='ocrx_word' id='word_1_48' title='bbox 1013 1133 1059 1206; x_wconf 95' lang='lat' dir='ltr'><strong>de</strong></span> <span class='ocrx_word' id='word_1_49' title='bbox 1068 1134 1252 1225; x_wconf 87' lang='lat' dir='ltr'><strong>Mellento,</strong></span> 
     </span>
     <span class='ocr_line' id='line_1_9' title="bbox 190 1248 1250 1339; baseline -0.001 -17"><span class='ocrx_word' id='word_1_50' title='bbox 190 1250 236 1322; x_wconf 88' lang='lat' dir='ltr'><strong>ad</strong></span> <span class='ocrx_word' id='word_1_51' title='bbox 250 1249 426 1322; x_wconf 89' lang='lat' dir='ltr'><strong>sedandas</strong></span> <span class='ocrx_word' id='word_1_52' title='bbox 436 1248 514 1320; x_wconf 89' lang='lat' dir='ltr'><strong>lites</strong></span> <span class='ocrx_word' id='word_1_53' title='bbox 525 1250 709 1321; x_wconf 90' lang='lat' dir='ltr'><strong>intestinas</strong></span> <span class='ocrx_word' id='word_1_54' title='bbox 720 1250 758 1321; x_wconf 94' lang='lat' dir='ltr'><strong>in</strong></span> <span class='ocrx_word' id='word_1_55' title='bbox 773 1249 1031 1321; x_wconf 89' lang='lat' dir='ltr'><strong>Normanniam</strong></span> <span class='ocrx_word' id='word_1_56' title='bbox 1044 1248 1250 1339; x_wconf 88' lang='lat' dir='ltr'><strong>destinavit,</strong></span> 
     </span>
     <span class='ocr_line' id='line_1_10' title="bbox 190 1363 1254 1463; baseline 0 -27"><span class='ocrx_word' id='word_1_57' title='bbox 190 1380 226 1436; x_wconf 91' lang='lat' dir='ltr'><strong>et</strong></span> <span class='ocrx_word' id='word_1_58' title='bbox 258 1364 439 1435; x_wconf 83' lang='lat' dir='ltr'><strong>Robderto</strong></span> <span class='ocrx_word' id='word_1_59' title='bbox 468 1363 569 1453; x_wconf 86' lang='lat' dir='ltr'><strong>duci,</strong></span> <span class='ocrx_word' id='word_1_60' title='bbox 603 1363 750 1462; x_wconf 79' lang='lat' dir='ltr'><strong>aliisque</strong></span> <span class='ocrx_word' id='word_1_61' title='bbox 777 1364 986 1463; x_wconf 90' lang='lat' dir='ltr'><strong>proceribus</strong></span> <span class='ocrx_word' id='word_1_62' title='bbox 1008 1365 1193 1437; x_wconf 89' lang='lat' dir='ltr'><strong>mandavit</strong></span> <span class='ocrx_word' id='word_1_63' title='bbox 1216 1378 1254 1436; x_wconf 91' lang='lat' dir='ltr'><strong>ut</strong></span> 
     </span>
     <span class='ocr_line' id='line_1_11' title="bbox 189 1478 1252 1576; baseline 0.001 -25"><span class='ocrx_word' id='word_1_64' title='bbox 189 1504 322 1574; x_wconf 85' lang='lat' dir='ltr'><strong>genero</strong></span> <span class='ocrx_word' id='word_1_65' title='bbox 331 1502 397 1550; x_wconf 90' lang='lat' dir='ltr'><strong>suo</strong></span> <span class='ocrx_word' id='word_1_66' title='bbox 405 1493 605 1576; x_wconf 89' lang='lat' dir='ltr'><strong>parcerent,</strong></span> <span class='ocrx_word' id='word_1_67' title='bbox 616 1494 650 1551; x_wconf 93' lang='lat' dir='ltr'><strong>et</strong></span> <span class='ocrx_word' id='word_1_68' title='bbox 658 1494 784 1551; x_wconf 87' lang='lat' dir='ltr'><strong>contra</strong></span> <span class='ocrx_word' id='word_1_69' title='bbox 793 1478 913 1551; x_wconf 88' lang='lat' dir='ltr'><strong>hostes</strong></span> <span class='ocrx_word' id='word_1_70' title='bbox 922 1479 1014 1551; x_wconf 84' lang='lat' dir='ltr'><strong>illius</strong></span> <span class='ocrx_word' id='word_1_71' title='bbox 1023 1479 1252 1569; x_wconf 79' lang='lat' dir='ltr'><strong>dimicarent3</strong></span> 
     </span>
     <span class='ocr_line' id='line_1_12' title="bbox 189 1594 1254 1692; baseline 0 -25"><span class='ocrx_word' id='word_1_72' title='bbox 189 1594 348 1692; x_wconf 89' lang='lat' dir='ltr'><strong>alioquin</strong></span> <span class='ocrx_word' id='word_1_73' title='bbox 367 1595 469 1691; x_wconf 82' lang='lat' dir='ltr'><strong>regiae</strong></span> <span class='ocrx_word' id='word_1_74' title='bbox 488 1594 627 1666; x_wconf 91' lang='lat' dir='ltr'><strong>virtutis</strong></span> <span class='ocrx_word' id='word_1_75' title='bbox 648 1595 868 1666; x_wconf 89' lang='lat' dir='ltr'><strong>inimicitiam</strong></span> <span class='ocrx_word' id='word_1_76' title='bbox 889 1596 1073 1666; x_wconf 86' lang='lat' dir='ltr'><strong>sentirent.</strong></span> <span class='ocrx_word' id='word_1_77' title='bbox 1101 1597 1254 1667; x_wconf 86' lang='lat' dir='ltr'><strong>Benivo-</strong></span> 
     </span>
     <span class='ocr_line' id='line_1_13' title="bbox 191 1709 1254 1808; baseline 0.003 -28"><span class='ocrx_word' id='word_1_78' title='bbox 191 1709 335 1782; x_wconf 88' lang='lat' dir='ltr'><strong>lentiam</strong></span> <span class='ocrx_word' id='word_1_79' title='bbox 344 1712 464 1806; x_wconf 89' lang='lat' dir='ltr'><strong>itaque</strong></span> <span class='ocrx_word' id='word_1_80' title='bbox 472 1711 563 1807; x_wconf 82' lang='lat' dir='ltr'><strong>regis</strong></span> <span class='ocrx_word' id='word_1_81' title='bbox 570 1735 651 1808; x_wconf 85' lang='lat' dir='ltr'><strong>erga</strong></span> <span class='ocrx_word' id='word_1_82' title='bbox 663 1709 890 1781; x_wconf 84' lang='lat' dir='ltr'><strong>Eustachium</strong></span> <span class='ocrx_word' id='word_1_83' title='bbox 902 1711 1142 1801; x_wconf 83' lang='lat' dir='ltr'><strong>advertentes,</strong></span> <span class='ocrx_word' id='word_1_84' title='bbox 1153 1709 1254 1783; x_wconf 86' lang='lat' dir='ltr'><strong>multi</strong></span> 
     </span>
     <span class='ocr_line' id='line_1_14' title="bbox 189 1825 1254 1925; baseline 0.002 -29"><span class='ocrx_word' id='word_1_85' title='bbox 189 1825 375 1914; x_wconf 89' lang='lat' dir='ltr'><strong>siluerunt,</strong></span> <span class='ocrx_word' id='word_1_86' title='bbox 390 1827 495 1922; x_wconf 92' lang='lat' dir='ltr'><strong>etqui</strong></span> <span class='ocrx_word' id='word_1_87' title='bbox 504 1842 607 1899; x_wconf 87' lang='lat' dir='ltr'><strong>antea</strong></span> <span class='ocrx_word' id='word_1_88' title='bbox 621 1826 798 1897; x_wconf 85' lang='lat' dir='ltr'><strong>nocebant</strong></span> <span class='ocrx_word' id='word_1_89' title='bbox 810 1827 872 1914; x_wconf 85' lang='lat' dir='ltr'><strong>itti,</strong></span> <span class='ocrx_word' id='word_1_90' title='bbox 886 1851 1117 1925; x_wconf 87' lang='lat' dir='ltr'><strong>summopere</strong></span> <span class='ocrx_word' id='word_1_91' title='bbox 1131 1827 1254 1898; x_wconf 71' lang='lat' dir='ltr'><strong>suffis-</strong></span> 
     </span>
     <span class='ocr_line' id='line_1_15' title="bbox 190 1940 1254 2040; baseline 0.003 -28"><span class='ocrx_word' id='word_1_92' title='bbox 190 1941 263 2036; x_wconf 84' lang='lat' dir='ltr'><strong>gari</strong></span> <span class='ocrx_word' id='word_1_93' title='bbox 270 1941 496 2013; x_wconf 90' lang='lat' dir='ltr'><strong>studuerunt.</strong></span> <span class='ocrx_word' id='word_1_94' title='bbox 509 1940 700 2015; x_wconf 85' lang='lat' dir='ltr'><strong>Rainaldus</strong></span> <span class='ocrx_word' id='word_1_95' title='bbox 713 1957 830 2014; x_wconf 89' lang='lat' dir='ltr'><strong>tamen</strong></span> <span class='ocrx_word' id='word_1_96' title='bbox 842 1956 876 2013; x_wconf 90' lang='lat' dir='ltr'><strong>et</strong></span> <span class='ocrx_word' id='word_1_97' title='bbox 888 1942 1034 2014; x_wconf 87' lang='lat' dir='ltr'><strong>Goellus</strong></span> <span class='ocrx_word' id='word_1_98' title='bbox 1044 1943 1114 2038; x_wconf 80' lang='lat'><strong>(2),</strong></span> <span class='ocrx_word' id='word_1_99' title='bbox 1125 1943 1254 2040; x_wconf 84' lang='lat' dir='ltr'><strong>aliique</strong></span> 
     </span>
     <span class='ocr_line' id='line_1_16' title="bbox 189 2056 1254 2156; baseline 0.004 -31"><span class='ocrx_word' id='word_1_100' title='bbox 189 2056 367 2126; x_wconf 88' lang='lat' dir='ltr'><strong>temerarii</strong></span> <span class='ocrx_word' id='word_1_101' title='bbox 392 2057 619 2152; x_wconf 88' lang='lat' dir='ltr'><strong>pertinaciter</strong></span> <span class='ocrx_word' id='word_1_102' title='bbox 646 2058 811 2153; x_wconf 87' lang='lat' dir='ltr'><strong>nequitiis</strong></span> <span class='ocrx_word' id='word_1_103' title='bbox 841 2058 1063 2144; x_wconf 91' lang='lat' dir='ltr'><strong>institerunt,</strong></span> <span class='ocrx_word' id='word_1_104' title='bbox 1092 2082 1163 2129; x_wconf 91' lang='lat' dir='ltr'><strong>nec</strong></span> <span class='ocrx_word' id='word_1_105' title='bbox 1188 2082 1254 2156; x_wconf 87' lang='lat' dir='ltr'><strong>pro</strong></span> 
     </span>
     <span class='ocr_line' id='line_1_17' title="bbox 189 2171 1255 2271; baseline 0.006 -30"><span class='ocrx_word' id='word_1_106' title='bbox 189 2171 315 2266; x_wconf 87' lang='lat' dir='ltr'><strong>regalis</strong></span> <span class='ocrx_word' id='word_1_107' title='bbox 335 2173 541 2243; x_wconf 85' lang='lat' dir='ltr'><strong>reverentiae</strong></span> <span class='ocrx_word' id='word_1_108' title='bbox 563 2192 708 2269; x_wconf 89' lang='lat' dir='ltr'><strong>precatu</strong></span> <span class='ocrx_word' id='word_1_109' title='bbox 730 2173 776 2243; x_wconf 94' lang='lat' dir='ltr'><strong>ab</strong></span> <span class='ocrx_word' id='word_1_110' title='bbox 795 2173 1019 2244; x_wconf 74' lang='lat' dir='ltr'><strong>infestatione</strong></span> <span class='ocrx_word' id='word_1_111' title='bbox 1040 2175 1165 2268; x_wconf 86' lang='lat' dir='ltr'><strong>generi</strong></span> <span class='ocrx_word' id='word_1_112' title='bbox 1181 2175 1255 2271; x_wconf 78' lang='lat' dir='ltr'><strong>ejus</strong></span> 
     </span>
     <span class='ocr_line' id='line_1_18' title="bbox 189 2285 1256 2375; baseline 0.007 -19"><span class='ocrx_word' id='word_1_113' title='bbox 189 2301 432 2375; x_wconf 89' lang='lat' dir='ltr'><strong>cessaverunt,</strong></span> <span class='ocrx_word' id='word_1_114' title='bbox 455 2288 519 2358; x_wconf 88' lang='lat' dir='ltr'><strong>sed</strong></span> <span class='ocrx_word' id='word_1_115' title='bbox 537 2288 670 2359; x_wconf 78' lang='lat' dir='ltr'><strong>nefaria</strong></span> <span class='ocrx_word' id='word_1_116' title='bbox 685 2291 884 2360; x_wconf 88' lang='lat' dir='ltr'><strong>temeritate</strong></span> <span class='ocrx_word' id='word_1_117' title='bbox 902 2288 1015 2360; x_wconf 89' lang='lat' dir='ltr'><strong>caedes</strong></span> <span class='ocrx_word' id='word_1_118' title='bbox 1034 2303 1069 2358; x_wconf 91' lang='lat' dir='ltr'><strong>et</strong></span> <span class='ocrx_word' id='word_1_119' title='bbox 1088 2285 1256 2365; x_wconf 78' lang='lat' dir='ltr'><strong>incendia</strong></span> 
     </span>
     <span class='ocr_line' id='line_1_19' title="bbox 189 2403 1255 2502; baseline 0.003 -28"><span class='ocrx_word' id='word_1_120' title='bbox 189 2417 451 2501; x_wconf 85' lang='lat' dir='ltr'><strong>perpetrarunt.</strong></span> <span class='ocrx_word' id='word_1_121' title='bbox 470 2407 558 2474; x_wconf 90' lang='lat' dir='ltr'><strong>Nam</strong></span> <span class='ocrx_word' id='word_1_122' title='bbox 576 2406 668 2474; x_wconf 91' lang='lat' dir='ltr'><strong>inter</strong></span> <span class='ocrx_word' id='word_1_123' title='bbox 685 2421 826 2492; x_wconf 85' lang='lat' dir='ltr'><strong>caetera,</strong></span> <span class='ocrx_word' id='word_1_124' title='bbox 843 2430 921 2501; x_wconf 83' lang='lat' dir='ltr'><strong>quae</strong></span> <span class='ocrx_word' id='word_1_125' title='bbox 936 2403 1099 2502; x_wconf 86' lang='lat' dir='ltr'><strong>praefatus</strong></span> <span class='ocrx_word' id='word_1_126' title='bbox 1114 2404 1255 2477; x_wconf 85' lang='lat' dir='ltr'><strong>Rainal·</strong></span> 
     </span>
     <span class='ocr_line' id='line_1_20' title="bbox 190 2517 1255 2616; baseline 0.002 -27"><span class='ocrx_word' id='word_1_127' title='bbox 190 2518 256 2590; x_wconf 91' lang='lat' dir='ltr'><strong>dus</strong></span> <span class='ocrx_word' id='word_1_128' title='bbox 277 2518 467 2590; x_wconf 90' lang='lat' dir='ltr'><strong>crudeliter</strong></span> <span class='ocrx_word' id='word_1_129' title='bbox 490 2521 642 2615; x_wconf 78' lang='lat' dir='ltr'><strong>peregit,</strong></span> <span class='ocrx_word' id='word_1_130' title='bbox 666 2518 851 2615; x_wconf 90' lang='lat' dir='ltr'><strong>quoddam</strong></span> <span class='ocrx_word' id='word_1_131' title='bbox 872 2520 1108 2616; x_wconf 89' lang='lat' dir='ltr'><strong>municipium</strong></span> <span class='ocrx_word' id='word_1_132' title='bbox 1125 2517 1255 2591; x_wconf 88' lang='lat' dir='ltr'><strong>hostile</strong></span> 
     </span>
     <span class='ocr_line' id='line_1_21' title="bbox 189 2633 1256 2733; baseline -0.003 -26"><span class='ocrx_word' id='word_1_133' title='bbox 189 2636 415 2733; x_wconf 87' lang='lat' dir='ltr'><strong>pertinaciter</strong></span> <span class='ocrx_word' id='word_1_134' title='bbox 428 2635 568 2723; x_wconf 88' lang='lat' dir='ltr'><strong>invasit,</strong></span> <span class='ocrx_word' id='word_1_135' title='bbox 583 2649 618 2706; x_wconf 92' lang='lat' dir='ltr'><strong>et</strong></span> <span class='ocrx_word' id='word_1_136' title='bbox 632 2659 758 2704; x_wconf 91' lang='lat' dir='ltr'><strong>omnes</strong></span> <span class='ocrx_word' id='word_1_137' title='bbox 773 2637 833 2731; x_wconf 92' lang='lat' dir='ltr'><strong>qui</strong></span> <span class='ocrx_word' id='word_1_138' title='bbox 847 2637 941 2705; x_wconf 91' lang='lat' dir='ltr'><strong>intus</strong></span> <span class='ocrx_word' id='word_1_139' title='bbox 953 2649 1066 2722; x_wconf 89' lang='lat' dir='ltr'><strong>erant,</strong></span> <span class='ocrx_word' id='word_1_140' title='bbox 1082 2633 1172 2704; x_wconf 93' lang='lat' dir='ltr'><strong>dum</strong></span> <span class='ocrx_word' id='word_1_141' title='bbox 1184 2633 1256 2705; x_wconf 81' lang='lat' dir='ltr'><strong>exi·</strong></span> 
     </span>
     <span class='ocr_line' id='line_1_22' title="bbox 188 2748 1256 2849; baseline 0 -28"><span class='ocrx_word' id='word_1_142' title='bbox 188 2765 268 2822; x_wconf 92' lang='lat' dir='ltr'><strong>rent</strong></span> <span class='ocrx_word' id='word_1_143' title='bbox 284 2752 434 2849; x_wconf 85' lang='lat' dir='ltr'><strong>excepit,</strong></span> <span class='ocrx_word' id='word_1_144' title='bbox 451 2765 487 2822; x_wconf 91' lang='lat' dir='ltr'><strong>et</strong></span> <span class='ocrx_word' id='word_1_145' title='bbox 499 2751 646 2848; x_wconf 89' lang='lat' dir='ltr'><strong>proprio</strong></span> <span class='ocrx_word' id='word_1_146' title='bbox 660 2774 744 2821; x_wconf 92' lang='lat' dir='ltr'><strong>ense</strong></span> <span class='ocrx_word' id='word_1_147' title='bbox 758 2752 794 2820; x_wconf 94' lang='lat' dir='ltr'><strong>in</strong></span> <span class='ocrx_word' id='word_1_148' title='bbox 810 2750 1004 2821; x_wconf 88' lang='lat' dir='ltr'><strong>visceribus</strong></span> <span class='ocrx_word' id='word_1_149' title='bbox 1017 2748 1129 2821; x_wconf 78' lang='lat' dir='ltr'><strong>infixo</strong></span> <span class='ocrx_word' id='word_1_150' title='bbox 1146 2750 1256 2822; x_wconf 79' lang='lat' dir='ltr'><strong>veluti</strong></span> 
     </span>
     <span class='ocr_line' id='line_1_23' title="bbox 188 2863 1257 2963; baseline 0.001 -28"><span class='ocrx_word' id='word_1_151' title='bbox 188 2864 294 2938; x_wconf 93' lang='lat' dir='ltr'><strong>bruta</strong></span> <span class='ocrx_word' id='word_1_152' title='bbox 305 2865 469 2939; x_wconf 88' lang='lat' dir='ltr'><strong>animalia</strong></span> <span class='ocrx_word' id='word_1_153' title='bbox 484 2865 811 2936; x_wconf 88' lang='lat' dir='ltr'><strong>immisericorditer</strong></span> <span class='ocrx_word' id='word_1_154' title='bbox 822 2865 984 2963; x_wconf 91' lang='lat' dir='ltr'><strong>peremit.</strong></span> <span class='ocrx_word' id='word_1_155' title='bbox 998 2863 1178 2936; x_wconf 89' lang='lat' dir='ltr'><strong>Omnibus</strong></span> <span class='ocrx_word' id='word_1_156' title='bbox 1188 2864 1257 2936; x_wconf 80' lang='lat' dir='ltr'><strong>hae</strong></span> 
     </span>
     <span class='ocr_line' id='line_1_24' title="bbox 189 2980 1257 3081; baseline 0.001 -28"><span class='ocrx_word' id='word_1_157' title='bbox 189 2985 342 3055; x_wconf 87' lang='lat' dir='ltr'><strong>maxime</strong></span> <span class='ocrx_word' id='word_1_158' title='bbox 355 3008 422 3081; x_wconf 94' lang='lat' dir='ltr'><strong>pro</strong></span> <span class='ocrx_word' id='word_1_159' title='bbox 435 3007 541 3055; x_wconf 85' lang='lat' dir='ltr'><strong>causa</strong></span> <span class='ocrx_word' id='word_1_160' title='bbox 557 2980 699 3053; x_wconf 88' lang='lat' dir='ltr'><strong>odibilis</strong></span> <span class='ocrx_word' id='word_1_161' title='bbox 715 2982 827 3053; x_wconf 83' lang='lat' dir='ltr'><strong>factus</strong></span> <span class='ocrx_word' id='word_1_162' title='bbox 839 2997 904 3071; x_wconf 89' lang='lat' dir='ltr'><strong>est,</strong></span> <span class='ocrx_word' id='word_1_163' title='bbox 920 2996 956 3054; x_wconf 93' lang='lat' dir='ltr'><strong>et</strong></span> <span class='ocrx_word' id='word_1_164' title='bbox 968 2982 1161 3054; x_wconf 88' lang='lat' dir='ltr'><strong>Eustachio</strong></span> <span class='ocrx_word' id='word_1_165' title='bbox 1170 2981 1257 3054; x_wconf 83' lang='lat' dir='ltr'><strong>insi·</strong></span> 
     </span>
     <span class='ocr_line' id='line_1_25' title="bbox 189 3094 1258 3193; baseline 0.003 -29"><span class='ocrx_word' id='word_1_166' title='bbox 189 3097 305 3190; x_wconf 84' lang='lat' dir='ltr'><strong>gniter</strong></span> <span class='ocrx_word' id='word_1_167' title='bbox 319 3096 567 3186; x_wconf 83' lang='lat' dir='ltr'><strong>invalescente,</strong></span> <span class='ocrx_word' id='word_1_168' title='bbox 589 3110 777 3193; x_wconf 90' lang='lat' dir='ltr'><strong>totumque</strong></span> <span class='ocrx_word' id='word_1_169' title='bbox 793 3097 903 3193; x_wconf 89' lang='lat' dir='ltr'><strong>patris</strong></span> <span class='ocrx_word' id='word_1_170' title='bbox 921 3095 1099 3167; x_wconf 89' lang='lat' dir='ltr'><strong>honorem</strong></span> <span class='ocrx_word' id='word_1_171' title='bbox 1117 3094 1258 3167; x_wconf 79' lang='lat' dir='ltr'><strong>nancia-</strong></span> 
     </span>
     <span class='ocr_line' id='line_1_26' title="bbox 189 3213 1257 3314; baseline 0.001 -30"><span class='ocrx_word' id='word_1_172' title='bbox 189 3228 305 3304; x_wconf 89' lang='lat' dir='ltr'><strong>cente,</strong></span> <span class='ocrx_word' id='word_1_173' title='bbox 330 3215 376 3287; x_wconf 94' lang='lat' dir='ltr'><strong>de</strong></span> <span class='ocrx_word' id='word_1_174' title='bbox 397 3217 556 3288; x_wconf 89' lang='lat' dir='ltr'><strong>Neustria</strong></span> <span class='ocrx_word' id='word_1_175' title='bbox 583 3215 749 3314; x_wconf 87' lang='lat' dir='ltr'><strong>expulsus</strong></span> <span class='ocrx_word' id='word_1_176' title='bbox 767 3232 833 3286; x_wconf 91' lang='lat' dir='ltr'><strong>est.</strong></span> <span class='ocrx_word' id='word_1_177' title='bbox 863 3218 1035 3287; x_wconf 85' lang='lat' dir='ltr'><strong>Reversus</strong></span> <span class='ocrx_word' id='word_1_178' title='bbox 1061 3229 1181 3286; x_wconf 89' lang='lat' dir='ltr'><strong>autem</strong></span> <span class='ocrx_word' id='word_1_179' title='bbox 1209 3213 1257 3286; x_wconf 92' lang='lat' dir='ltr'><strong>ad</strong></span> 
     </span>
     <span class='ocr_line' id='line_1_27' title="bbox 189 3329 1258 3425; baseline -0.001 -24"><span class='ocrx_word' id='word_1_180' title='bbox 189 3329 304 3402; x_wconf 89' lang='lat' dir='ltr'><strong>natale</strong></span> <span class='ocrx_word' id='word_1_181' title='bbox 317 3329 448 3418; x_wconf 85' lang='lat' dir='ltr'><strong>solum,</strong></span> <span class='ocrx_word' id='word_1_182' title='bbox 463 3330 668 3418; x_wconf 85' lang='lat' dir='ltr'><strong>Guillelmo,</strong></span> <span class='ocrx_word' id='word_1_183' title='bbox 684 3330 782 3400; x_wconf 78' lang='lat' dir='ltr'><strong>fratri</strong></span> <span class='ocrx_word' id='word_1_184' title='bbox 791 3354 871 3419; x_wconf 88' lang='lat' dir='ltr'><strong>su0,</strong></span> <span class='ocrx_word' id='word_1_185' title='bbox 887 3330 1013 3425; x_wconf 90' lang='lat' dir='ltr'><strong>majori</strong></span> <span class='ocrx_word' id='word_1_186' title='bbox 1027 3355 1078 3418; x_wconf 89' lang='lat' dir='ltr'><strong>se,</strong></span> <span class='ocrx_word' id='word_1_187' title='bbox 1095 3329 1258 3400; x_wconf 85' lang='lat' dir='ltr'><strong>insidiari</strong></span> 
     </span>
     <span class='ocr_line' id='line_1_28' title="bbox 189 3443 1258 3544; baseline 0.001 -28"><span class='ocrx_word' id='word_1_188' title='bbox 189 3447 314 3544; x_wconf 83' lang='lat' dir='ltr'><strong>coepit3</strong></span> <span class='ocrx_word' id='word_1_189' title='bbox 333 3446 396 3517; x_wconf 92' lang='lat' dir='ltr'><strong>sed</strong></span> <span class='ocrx_word' id='word_1_190' title='bbox 405 3446 503 3542; x_wconf 89' lang='lat' dir='ltr'><strong>justo</strong></span> <span class='ocrx_word' id='word_1_191' title='bbox 522 3445 587 3516; x_wconf 92' lang='lat' dir='ltr'><strong>Dei</strong></span> <span class='ocrx_word' id='word_1_192' title='bbox 602 3445 751 3540; x_wconf 91' lang='lat' dir='ltr'><strong>judicio,</strong></span> <span class='ocrx_word' id='word_1_193' title='bbox 772 3445 865 3516; x_wconf 91' lang='lat' dir='ltr'><strong>inter</strong></span> <span class='ocrx_word' id='word_1_194' title='bbox 880 3443 1053 3516; x_wconf 91' lang='lat' dir='ltr'><strong>tumultus</strong></span> <span class='ocrx_word' id='word_1_195' title='bbox 1072 3469 1165 3542; x_wconf 88' lang='lat' dir='ltr'><strong>quos</strong></span> <span class='ocrx_word' id='word_1_196' title='bbox 1177 3468 1258 3517; x_wconf 87' lang='lat' dir='ltr'><strong>ma·</strong></span> 
     </span>
    </p>
   </div>
   <div class='ocr_carea' id='block_1_4' title="bbox 189 3712 1261 4142">
    <p class='ocr_par' dir='ltr' id='par_1_5' title="bbox 189 3712 1260 3874">
     <span class='ocr_line' id='line_1_29' title="bbox 190 3712 1260 3785; baseline 0.001 -19"><span class='ocrx_word' id='word_1_197' title='bbox 190 3715 308 3783; x_wconf 84' lang='lat' dir='ltr'><strong>Hugue,</strong></span> <span class='ocrx_word' id='word_1_198' title='bbox 328 3714 398 3769; x_wconf 76' lang='lat' dir='ltr'><strong>abbe</strong></span> <span class='ocrx_word' id='word_1_199' title='bbox 416 3712 452 3768; x_wconf 90' lang='lat' dir='ltr'><strong>de</strong></span> <span class='ocrx_word' id='word_1_200' title='bbox 473 3713 568 3768; x_wconf 80' lang='lat' dir='ltr'><strong>Cluui.</strong></span> <span class='ocrx_word' id='word_1_201' title='bbox 592 3712 651 3767; x_wconf 79' lang='lat' dir='ltr'><strong>Ette</strong></span> <span class='ocrx_word' id='word_1_202' title='bbox 673 3715 712 3785; x_wconf 86' lang='lat' dir='ltr'><strong>s‘y</strong></span> <span class='ocrx_word' id='word_1_203' title='bbox 733 3714 818 3768; x_wconf 78' lang='lat' dir='ltr'><strong>retira</strong></span> <span class='ocrx_word' id='word_1_204' title='bbox 839 3724 921 3768; x_wconf 86' lang='lat' dir='ltr'><strong>avant</strong></span> <span class='ocrx_word' id='word_1_205' title='bbox 943 3716 1027 3780; x_wconf 85' lang='grc'><strong>4447,</strong></span> <span class='ocrx_word' id='word_1_206' title='bbox 1047 3721 1076 3766; x_wconf 91' lang='lat' dir='ltr'><strong>et</strong></span> <span class='ocrx_word' id='word_1_207' title='bbox 1096 3731 1114 3784; x_wconf 85' lang='lat' dir='ltr'>y</span> <span class='ocrx_word' id='word_1_208' title='bbox 1139 3723 1260 3767; x_wconf 87' lang='lat' dir='ltr'><strong>mourut</strong></span> 
     </span>
     <span class='ocr_line' id='line_1_30' title="bbox 189 3801 1122 3874; baseline 0 -18"><span class='ocrx_word' id='word_1_209' title='bbox 189 3820 224 3856; x_wconf 86' lang='lat' dir='ltr'><strong>en</strong></span> <span class='ocrx_word' id='word_1_210' title='bbox 238 3805 316 3866; x_wconf 84' lang='grc'><strong>4437,</strong></span> <span class='ocrx_word' id='word_1_211' title='bbox 332 3803 441 3855; x_wconf 86' lang='lat' dir='ltr'><strong>suivant</strong></span> <span class='ocrx_word' id='word_1_212' title='bbox 453 3802 479 3854; x_wconf 87' lang='lat' dir='ltr'><strong>le</strong></span> <span class='ocrx_word' id='word_1_213' title='bbox 492 3802 688 3855; x_wconf 77' lang='lat' dir='ltr'><strong>continuatam</strong></span> <span class='ocrx_word' id='word_1_214' title='bbox 699 3802 734 3855; x_wconf 89' lang='lat' dir='ltr'><strong>de</strong></span> <span class='ocrx_word' id='word_1_215' title='bbox 748 3801 911 3857; x_wconf 84' lang='lat' dir='ltr'><strong>Guiiiaume</strong></span> <span class='ocrx_word' id='word_1_216' title='bbox 922 3801 957 3856; x_wconf 91' lang='lat' dir='ltr'><strong>de</strong></span> <span class='ocrx_word' id='word_1_217' title='bbox 970 3803 1122 3874; x_wconf 79' lang='lat' dir='ltr'><strong>Jurnie&#39;ges.</strong></span> 
     </span>
    </p>

    <p class='ocr_par' dir='ltr' id='par_1_6' title="bbox 189 3889 1261 4142">
     <span class='ocr_line' id='line_1_31' title="bbox 225 3889 1260 3963; baseline -0.002 -18"><span class='ocrx_word' id='word_1_218' title='bbox 225 3889 264 3963; x_wconf 86' lang='grc'><strong>(4)</strong></span> <span class='ocrx_word' id='word_1_219' title='bbox 279 3890 355 3944; x_wconf 81' lang='lat' dir='ltr'><strong>Nous</strong></span> <span class='ocrx_word' id='word_1_220' title='bbox 368 3908 502 3945; x_wconf 87' lang='lat' dir='ltr'><strong>revenons</strong></span> <span class='ocrx_word' id='word_1_221' title='bbox 515 3890 549 3943; x_wconf 87' lang='lat' dir='ltr'><strong>ici</strong></span> <span class='ocrx_word' id='word_1_222' title='bbox 562 3908 614 3943; x_wconf 81' lang='lat' dir='ltr'><strong>aux</strong></span> <span class='ocrx_word' id='word_1_223' title='bbox 625 3893 824 3962; x_wconf 78' lang='lat' dir='ltr'><strong>competiteurs</strong></span> <span class='ocrx_word' id='word_1_224' title='bbox 835 3895 851 3945; x_wconf 73' lang='lat' dir='ltr'><strong>a</strong></span> <span class='ocrx_word' id='word_1_225' title='bbox 864 3890 888 3945; x_wconf 84' lang='lat' dir='ltr'><strong>la</strong></span> <span class='ocrx_word' id='word_1_226' title='bbox 901 3891 1056 3946; x_wconf 87' lang='lat' dir='ltr'><strong>suecession</strong></span> <span class='ocrx_word' id='word_1_227' title='bbox 1070 3889 1108 3945; x_wconf 90' lang='lat' dir='ltr'><strong>du</strong></span> <span class='ocrx_word' id='word_1_228' title='bbox 1122 3889 1260 3963; x_wconf 79' lang='lat' dir='ltr'><strong>seigneur</strong></span> 
     </span>
     <span class='ocr_line' id='line_1_32' title="bbox 189 3977 1261 4053; baseline -0.001 -19"><span class='ocrx_word' id='word_1_229' title='bbox 189 3979 224 4034; x_wconf 89' lang='lat' dir='ltr'><strong>de</strong></span> <span class='ocrx_word' id='word_1_230' title='bbox 234 3978 366 4050; x_wconf 86' lang='lat' dir='ltr'><strong>Breteuil,</strong></span> <span class='ocrx_word' id='word_1_231' title='bbox 376 3980 445 4033; x_wconf 93' lang='lat' dir='ltr'><strong>dont</strong></span> <span class='ocrx_word' id='word_1_232' title='bbox 458 3978 576 4033; x_wconf 87' lang='lat' dir='ltr'><strong>l&#39;auteur</strong></span> <span class='ocrx_word' id='word_1_233' title='bbox 586 3979 649 4032; x_wconf 85' lang='lat' dir='ltr'><strong>s’est</strong></span> <span class='ocrx_word' id='word_1_234' title='bbox 659 3979 771 4053; x_wconf 77' lang='lat' dir='ltr'><strong>e&#39;loigne</strong></span> <span class='ocrx_word' id='word_1_235' title='bbox 782 3980 847 4034; x_wconf 85' lang='lat' dir='ltr'><strong>bien</strong></span> <span class='ocrx_word' id='word_1_236' title='bbox 859 3979 913 4034; x_wconf 86' lang='lat' dir='ltr'><strong>mal</strong></span> <span class='ocrx_word' id='word_1_237' title='bbox 925 3983 940 4033; x_wconf 73' lang='lat' dir='ltr'><strong>a</strong></span> <span class='ocrx_word' id='word_1_238' title='bbox 950 3997 1063 4053; x_wconf 87' lang='lat' dir='ltr'><strong>propos,</strong></span> <span class='ocrx_word' id='word_1_239' title='bbox 1077 3996 1152 4051; x_wconf 90' lang='lat' dir='ltr'><strong>pour</strong></span> <span class='ocrx_word' id='word_1_240' title='bbox 1160 3977 1261 4051; x_wconf 84' lang='lat' dir='ltr'><strong>placer</strong></span> 
     </span>
     <span class='ocr_line' id='line_1_33' title="bbox 189 4067 952 4142; baseline -0.001 -20"><span class='ocrx_word' id='word_1_241' title='bbox 189 4078 287 4142; x_wconf 88' lang='lat' dir='ltr'><strong>quatre</strong></span> <span class='ocrx_word' id='word_1_242' title='bbox 299 4086 347 4122; x_wconf 84' lang='lat' dir='ltr'><strong>ans</strong></span> <span class='ocrx_word' id='word_1_243' title='bbox 360 4079 423 4139; x_wconf 90' lang='lat' dir='ltr'><strong>trop</strong></span> <span class='ocrx_word' id='word_1_244' title='bbox 437 4067 480 4122; x_wconf 76' lang='lat' dir='ltr'><strong>tot</strong></span> <span class='ocrx_word' id='word_1_245' title='bbox 493 4067 518 4120; x_wconf 83' lang='lat' dir='ltr'><strong>ic</strong></span> <span class='ocrx_word' id='word_1_246' title='bbox 531 4085 634 4139; x_wconf 86' lang='lat' dir='ltr'><strong>voyage</strong></span> <span class='ocrx_word' id='word_1_247' title='bbox 648 4068 686 4120; x_wconf 93' lang='lat' dir='ltr'><strong>du</strong></span> <span class='ocrx_word' id='word_1_248' title='bbox 699 4086 769 4140; x_wconf 82' lang='lat' dir='ltr'><strong>pape</strong></span> <span class='ocrx_word' id='word_1_249' title='bbox 782 4071 797 4121; x_wconf 77' lang='lat' dir='ltr'><strong>ir</strong></span> <span class='ocrx_word' id='word_1_250' title='bbox 809 4069 952 4122; x_wconf 81' lang='lat' dir='ltr'><strong>Chartres.</strong></span> 
     </span>
    </p>
   </div>
   <div class='ocr_carea' id='block_1_5' title="bbox 224 4154 935 4230">
    <p class='ocr_par' dir='ltr' id='par_1_7' title="bbox 224 4154 935 4230">
     <span class='ocr_line' id='line_1_34' title="bbox 224 4154 935 4230; baseline -0.007 -16"><span class='ocrx_word' id='word_1_251' title='bbox 224 4158 264 4230; x_wconf 62' lang='grc' dir='ltr'><strong>(ἲ)</strong></span> <span class='ocrx_word' id='word_1_252' title='bbox 279 4157 389 4212; x_wconf 85' lang='lat' dir='ltr'><strong>Ascelin</strong></span> <span class='ocrx_word' id='word_1_253' title='bbox 402 4155 488 4222; x_wconf 84' lang='lat' dir='ltr'><strong>Geel,</strong></span> <span class='ocrx_word' id='word_1_254' title='bbox 503 4156 634 4228; x_wconf 86' lang='lat' dir='ltr'><strong>seigneur</strong></span> <span class='ocrx_word' id='word_1_255' title='bbox 645 4155 680 4209; x_wconf 92' lang='lat' dir='ltr'><strong>de</strong></span> <span class='ocrx_word' id='word_1_256' title='bbox 693 4154 788 4211; x_wconf 76' lang='lat' dir='ltr'><strong>Brenni</strong></span> <span class='ocrx_word' id='word_1_257' title='bbox 801 4168 829 4211; x_wconf 87' lang='lat' dir='ltr'><strong>et</strong></span> <span class='ocrx_word' id='word_1_258' title='bbox 841 4157 935 4211; x_wconf 89' lang='lat' dir='ltr'><strong>d&#39;lvri.</strong></span> 
     </span>
    </p>
   </div>
   <div class='ocr_carea' id='block_1_6' title="bbox 0 0 1452 4934">
    <p class='ocr_par' dir='ltr' id='par_1_8' title="bbox 0 0 1452 4934">
     <span class='ocr_line' id='line_1_35' title="bbox 0 0 1452 4934; baseline 0 0"><span class='ocrx_word' id='word_1_259' title='bbox 0 0 1452 4934; x_wconf 95' lang='lat' dir='ltr'><strong> </strong></span> 
     </span>
    </p>
   </div>
  </div>
 </body>
</html>
