2888 4934
82 422 298 499 ,unt-1118]
414 420 533 485 ttslttt
553 419 823 482 DUODECIMUS.
1085 425 1148 488 31³

91 554 258 631 nimirum
278 551 427 652 quidam
445 552 774 650 lerosolymitanus‚
793 553 856 650 qui
876 551 967 626 lorte
988 552 1035 625 de
1058 579 1149 627 men

92 684 169 744 mto
178 669 311 745 animal
322 668 515 753 deducenti
524 668 699 762 obviarat,
711 668 900 759 intimavit,
914 684 950 741 et
963 670 1147 770 episcopo,

93 782 237 885 diisque
268 783 463 858 astantibus
490 784 629 870 addidit
660 784 760 883 quod
789 800 861 859 tres
888 784 1019 860 eodem
1050 810 1149 860 anno

93 899 260 985 mblimes
276 924 439 999 personae
455 898 502 974 de
520 915 693 1000 potestate
706 901 848 973 Henrici
864 901 954 998 regis
968 925 1152 974 moreren-

93 1029 162 1108 tur,
178 1015 413 1115 plurimaeque
431 1015 664 1115 postmodum
681 1013 927 1091 tribulationes
945 1016 1082 1090 acerbae
1099 1044 1151 1092 se·

93 1145 301 1228 querentur.
314 1129 398 1204 llaec
411 1156 456 1205 eo
469 1146 630 1231 tempore
641 1157 720 1229 quae
731 1133 939 1231 peregrinus
952 1147 1048 1206 vates
1064 1157 1152 1231 prae·

91 1244 193 1337 dixit,
213 1271 332 1319 rerum
348 1247 461 1319 exitus
475 1246 725 1346 comprobavit
743 1248 759 1346 (
783 1247 809 1346 ).

138 1362 351 1434 Guillelmus
371 1364 481 1453 enim,
501 1363 725 1436 Ebroicensis
740 1387 874 1452 comes,
890 1370 965 1435 ιιιο
984 1363 1154 1436 kalendas

86 1474 179 1549 maii
203 1490 366 1550 mortuus
392 1493 461 1569 est,
485 1492 520 1550 et
546 1477 751 1550 Fontinellae
775 1478 813 1550 in
838 1476 1006 1550 coenobio
1034 1477 1155 1550 Sancti

82 1589 355 1690 Gnmdregisiti
379 1617 464 1665 cum
489 1593 656 1686 Ricardo,
680 1608 780 1695 patre
805 1617 884 1685 suo,
907 1593 1065 1693 sepultus
1087 1608 1152 1666 est.

80 1703 235 1778 Deinde
247 1705 426 1780 Matbildis
442 1708 574 1805 regina,
594 1734 673 1807 quse
690 1709 726 1780 in
744 1707 955 1808 baptismate
967 1707 1050 1780 Edit
1061 1707 1156 1781 dicta

79 1820 177 1912 fuit,
207 1820 367 1896 kalendis
390 1824 473 1897 maii
496 1823 601 1918 obiit,
629 1826 722 1898 etin
747 1824 894 1898 basilica
916 1824 1037 1897 Sancti
1063 1825 1158 1896 Petri

80 1937 414 2011 Westmonasterio
430 1939 605 2013 tumulata
622 1941 782 2038 quiescit.
804 1941 1006 2014 Rodbertus
1021 1955 1154 2027 autem,

78 2075 220 2124 comes
235 2052 404 2146 Mellenti,
423 2055 530 2127 nonis
542 2056 636 2152 junii
652 2054 754 2148 obiit,
773 2069 810 2128 et
826 2054 985 2128 Pretellis
1004 2056 1042 2126 in
1060 2055 1157 2152 oapi·

78 2165 174 2239 tulo
200 2167 463 2242 monachorum
487 2193 569 2241 cum
595 2184 696 2269 patre
722 2195 789 2242 suo
814 2185 850 2243 et
874 2170 980 2244 fratre
1000 2170 1158 2269 requies·

81 2281 157 2356 cit.
183 2282 246 2355 His
271 2283 391 2381 itaque
414 2284 683 2378 decedentibus,
711 2288 836 2385 ingens
858 2285 1041 2360 tribulatio
1069 2288 1158 2356 Nor·

84 2398 241 2470 mannis
257 2414 337 2472 orta
353 2415 406 2472 est
425 2400 494 2498 (2).

142 2513 342 2588 amalricus
358 2517 455 2589 enim
477 2516 523 2589 de
546 2517 766 2609 Montelorti,
791 2517 947 2590 Simonis
966 2531 1001 2589 et
1020 2515 1161 2614 Agnetis

124 2825 172 2898 (4)
195 2825 265 2882 Sans
288 2827 414 2884 attecber
434 2832 451 2885 e
474 2840 546 2886 cette
568 2829 728 2898 historiette
748 2829 811 2903 plns
834 2829 1036 2903 d’importanoe
1058 2825 1160 2902 qu’elle

83 2912 161 2970 n’en
173 2913 288 2984 merite,
301 2933 372 2972 nous
383 2916 487 2973 devons
500 2917 561 2973 dire
576 2918 645 2993 qu’il
658 2918 718 2973 saut
730 2926 858 2991 reportes
870 2926 934 2972 tout
947 2915 974 2972 le
987 2913 1162 2990 paragrapbe

82 3018 148 3058 aux
168 3003 299 3059 environs
315 3004 350 3059 de
364 3005 436 3062 Noel
448 3008 528 3076 tttt,
546 3006 616 3062 ainsi
635 3025 690 3081 que
702 3006 742 3061 les
753 3006 906 3081 premieres
917 3004 1009 3079 lignes
1024 3003 1064 3058 du
1082 3003 1161 3058 livre.

82 3087 229 3145 L'auteur
246 3090 346 3147 faisant
360 3111 537 3148 commencer
549 3093 657 3149 l’annee
671 3110 707 3148 au
720 3093 787 3165 jour
802 3091 837 3148 de
854 3090 938 3159 Noel,
958 3090 978 3146 il
996 3101 1038 3146 est
1052 3089 1162 3146 naturel

82 3173 166 3254 qn’il
178 3178 219 3234 ait
231 3183 363 3254 rapporte
376 3199 421 3238 ces
433 3185 611 3239 evenements
624 3185 639 3238 e
653 3186 733 3238 lll8.
750 3182 787 3237 Le
803 3198 918 3237 sut-nom
933 3179 969 3236 de
982 3177 1163 3253 lerosolymie

82 3268 156 3325 tain
170 3285 209 3325 ne
221 3269 331 3343 signifie
342 3290 404 3346 pas,
419 3290 527 3328 comme
541 3290 612 3328 nous
627 3272 730 3328 l'avons
743 3271 806 3344 dejl
816 3271 868 3327 t'ait
879 3287 1042 3344 remarquer
1054 3291 1060 3322 ε
1074 3267 1163 3342 origi-

83 3356 177 3413 naire
187 3356 224 3415 de
233 3360 397 3430 Jerusalem,
412 3361 481 3417 mais
492 3363 542 3438 qni
553 3379 569 3415 a
582 3363 641 3438 pris
654 3372 717 3437 part
729 3365 745 3416 e
757 3360 831 3418 l'une
843 3359 892 3415 des
901 3358 1076 3434 expeditioris
1087 3357 1122 3412 de
1135 3356 1163 3412 la

84 3445 321 3506 Terre-Sainte.
340 3449 391 3504 bes
409 3448 523 3524 simples
537 3450 657 3522 pelerinv
674 3450 779 3506 etaient
796 3447 1017 3504 ordinairement
1034 3445 1164 3519 designes

84 3551 164 3591 nous
175 3533 203 3591 le
215 3554 281 3591 nom
293 3536 328 3593 de
340 3539 481 3595 Palmarii
493 3539 542 3614 (en
553 3539 672 3614 frangais
683 3539 848 3610 Panmiers),
863 3541 973 3594 ecanse
985 3536 1021 3593 de
1033 3536 1059 3592 la
1072 3533 1163 3610 palme

84 3621 182 3699 qu'ils
194 3626 302 3683 avaient
312 3627 468 3686 l’habitnde
480 3629 516 3685 de
528 3641 675 3705 rapporter
687 3628 736 3685 des
749 3629 836 3685 saints
847 3628 933 3684 lieux.

128 3713 175 3785 (2)
193 3714 245 3771 Les
263 3728 368 3773 comtes
387 3718 524 3775 d’Evreux
542 3719 647 3775 etaient
665 3719 767 3775 voisins
787 3717 822 3773 de
842 3714 1094 3773 Sciat-Wandrille
1114 3731 1164 3788 par

83 3797 161 3857 leur
173 3805 317 3877 propriete
328 3805 368 3860 dn
380 3807 469 3863 Trait.
485 3806 625 3876 Richard,
641 3808 708 3882 pere
723 3806 759 3863 de
772 3806 951 3877 Guillaume,
969 3805 1038 3861 etait
1052 3814 1127 3860 mort
1138 3803 1164 3858 le

89 3893 130 3946 43
144 3889 295 3949 decembre
306 3897 386 3953 4067.
1142 3911 1146 3920 ·

131 3979 174 4036 la
187 3983 266 4038 reine
275 3984 422 4055 blathilde,
435 3984 505 4042 dont
515 3987 555 4043 les
565 3985 715 4042 babitudes
726 3986 886 4043 claustrdes
895 4004 931 4042 ne
940 3985 1089 4059 ponveient
1100 3982 1164 4036 s’ac·

90 4069 261 4126 commoder
272 4090 337 4128 avec
343 4073 370 4128 la
380 4072 502 4146 legeretis
513 4073 549 4131 de
557 4092 661 4130 moeurs
672 4074 708 4131 de
719 4092 770 4130 son
780 4075 861 4146 mari,
879 4093 908 4132 se
919 4074 1030 4130 retirae
1041 4068 1164 4143 l'abbaye

93 4156 135 4212 de
152 4157 355 4219 Westminster
374 4161 424 4220 des
441 4163 542 4240 qu’elle
558 4177 608 4222 eut
627 4164 721 4222 donne
735 4164 761 4222 le
777 4164 846 4237 jour
863 4168 878 4221 e
893 4163 966 4220 deux
982 4161 1091 4220 enlants
1106 4183 1112 4216 ι
1126 4160 1163 4224 lu
