2888 4934
113 435 223 512 [ιω]
279 425 280 428 ‘
440 432 555 491 num
576 430 844 491 uuooucurns.
1109 437 1165 496 ³71

113 559 144 630 si
171 557 346 656 prendere
367 581 429 630 eos
455 570 588 628 temere
612 557 902 655 presumpsisset,
930 560 1064 653 grande
1087 587 1170 659 pre-

107 676 212 746 ,cium
227 675 365 770 exigere
382 673 565 770 potuisset.
589 670 723 742 Eadem
740 673 946 767 septimana,
966 699 1030 771 per
1047 679 1169 748 Rotro·

112 814 200 863 nem
217 790 292 886 (i),
313 788 530 863 avunculum
544 813 668 876 suum,
688 790 762 883 regi
779 789 1021 861 reconciliatus
1041 807 1110 881 est,
1135 807 1171 864 et

113 919 229 976 totum
253 905 291 976 in
322 903 446 999 Angiia
474 928 538 976 seu
566 902 784 974 Normanniu
814 917 940 974 terrem
974 907 1083 1001 patris
1116 909 1171 977 sui

112 1018 267 1117 adeptus
283 1033 348 1090 est.

161 1132 303 1206 Deinde
325 1158 386 1206 rer
403 1133 606 1205 Uticensem
631 1157 762 1231 pagum
783 1155 863 1205 cum
883 1135 1038 1206 exercitu
1060 1136 1169 1225 adiit,

112 1265 153 1324 et
168 1251 333 1322 inimicos
352 1275 437 1322 suos
459 1251 521 1347 qui
541 1249 632 1321 Gloz
650 1264 687 1321 et
705 1250 823 1320 Lirem
840 1249 1022 1339 tenebant,
1047 1252 1172 1323 visitu-

112 1366 176 1437 vit.
203 1370 302 1438 Tunc
324 1366 495 1438 nimirum
523 1366 712 1461 Rogerius,
740 1363 918 1436 Guilleltni
944 1365 1008 1437 iiiii
1033 1372 1171 1439 Remo*

112 1481 169 1552 nis
183 1481 239 1579 (2)
251 1480 357 1573 fitius,
373 1482 578 1579 praetorium
592 1480 681 1553 Gloz
695 1478 869 1568 servabat,
888 1496 920 1553 et
932 1483 1110 1554 Ernaldus
1126 1483 1172 1555 de

111 1600 227 1671 Botco
249 1598 305 1694 (3)
332 1599 420 1669 Lirae
443 1599 628 1696 municeps
656 1612 751 1684 erat3
780 1598 862 1694 qui,
893 1622 974 1670 cum
1003 1599 1173 1670 vidissent

110 1712 213 1809 quod
231 1713 324 1810 regie
340 1714 453 1785 virtus
469 1713 591 1784 omnia
607 1712 845 1797 conculcaret,
865 1725 900 1782 et
914 1713 981 1784 sibi
998 1738 1106 1785 omne
1124 1713 1171 1785 ab

111 1827 306 1901 murchin
321 1842 357 1901 et
374 1828 552 1900 Ameln'co
569 1828 769 1900 subsidium
785 1828 984 1917 deiecisset,
1003 1855 1089 1902 cum
1108 1834 1172 1902 tu·

110 1940 212 2015 dulfo
228 1943 296 2038 (lt),
314 1945 378 2040 qui
391 1945 527 2016 ricinus
538 1943 605 2015 sibi
618 1960 706 2033 eret,
721 1944 830 2015 locuti
840 1959 942 2033 sunt,
958 1961 993 2017 et
1009 1970 1073 2041 per
1088 1969 1172 2016 eum

109 2057 281 2132 idoneam
295 2059 363 2132 sibi
379 2085 505 2159 pacem
516 2081 599 2131 cum
613 2085 697 2156 rego
713 2061 884 2149 iecorum,
904 2061 1004 2157 eique
1021 2061 1083 2132 din
1101 2085 1172 2132 sen

109 2187 192 2246 natet
216 2173 366 2247 fideliter
385 2190 499 2248 castre
522 2175 766 2247 reddiderunt.
795 2179 865 2247 Rex
886 2191 1003 2249 autem
1021 2175 1171 2248 Radulso

109 2290 157 2364 de
174 2292 320 2364 Gunder
336 2292 461 2364 eadem
485 2293 652 2381 restituit,
673 2308 709 2364 et
729 2291 911 2392 pacificate
928 2293 1002 2388 jum
1026 2293 1171 2388 regione

110 2407 286 2498 Uticensi,
307 2411 543 2505 Rotomagum
561 2431 740 2498 reversus,
759 2414 837 2481 Deo
855 2410 983 2506 gratias
998 2408 1129 2480 retulit.

140 2744 180 2817 (t)
196 2743 306 2801 Rotrou
318 2746 357 2814 11,
372 2755 463 2800 comte
476 2745 516 2800 du
530 2746 646 2801 Perche.

141 2832 178 2906 (2)
197 2830 252 2903 Sur
265 2833 426 2889 Guillaume
438 2832 474 2889 de
485 2834 561 2901 Glos,
576 2834 618 2888 fils
630 2834 665 2888 de
679 2835 800 2900 Barnun,
818 2851 901 2905 voyez
917 2831 1063 2899 ci-dessus‚
1079 2840 1100 2885 t.
1115 2831 1168 2898 111,

105 2939 134 2992 p.
148 2918 216 2990 373,
231 2920 269 2977 od
283 2915 303 2976 ii
316 2934 358 2979 est
369 2920 419 2978 fait
433 2940 473 2977 un
486 2923 605 2995 portrait
619 2941 674 2996 peu
688 2920 764 2977 datte
776 2921 811 2975 de
822 2935 854 2976 ee
866 2921 1001 2976 servitem
1013 2919 1048 2974 de
1061 2917 1086 2973 ia
1097 2921 1169 2975 rn'ai·

107 3026 156 3064 ron
169 3009 349 3066 deBreteuii.
365 3011 454 3066 notre
465 3021 566 3065 auteur
576 3030 594 3084 y
606 3010 684 3084 peric
695 3010 731 3065 de
742 3029 770 3064 sn
783 3010 884 3064 femme
897 3009 1009 3063 Be'etrix
1025 3008 1102 3064 etde
1117 3025 1167 3062 son

105 3095 148 3152 tt·
161 3097 266 3170 Roget,
279 3097 306 3154 lc
317 3099 408 3154 mdme
420 3101 469 3173 qui
482 3098 572 3171 rigore
583 3101 630 3155 ici.

139 3184 179 3256 (3)
196 3185 276 3241 eene
292 3186 411 3254 familie,
431 3188 481 3260 qui
495 3205 512 3240 a
528 3187 621 3242 donne'
639 3204 690 3242 eon
707 3203 772 3242 nom
789 3187 805 3240 tt
821 3184 849 3238 la
866 3201 1014 3240 commune
1033 3183 1072 3238 du
1089 3184 1168 3239 Boin-

104 3271 232 3340 Arnaud,
245 3284 347 3328 centon
359 3273 394 3328 de
405 3273 521 3347 Regia,
535 3276 604 3334 eteit
613 3275 688 3330 l'une
700 3274 749 3329 der
763 3273 826 3346 pius
838 3273 1052 3328 anciennement
1061 3270 1168 3343 piaceee

103 3374 169 3416 rom
184 3359 211 3415 le
222 3362 379 3432 protection
391 3362 440 3417 deu
452 3363 595 3435 seigneurs
607 3363 642 3418 de
656 3362 789 3418 Breteuil.
805 3362 860 3417 Des
870 3360 897 3416 ln
909 3359 1007 3415 charte
1018 3359 1054 3414 de
1067 3358 1167 3413 fonda-

104 3449 164 3504 ticn
176 3449 213 3504 de
224 3447 288 3504 lire
301 3467 350 3522 pur
362 3450 524 3507 Gudiaume
537 3452 760 3522 liin-osberne,
779 3468 849 3505 nous
864 3467 967 3521 royons
986 3448 1024 3503 les
1037 3445 1166 3512 Ernaud,

104 3535 146 3592 tib
157 3535 315 3605 d‘Ernnud‚
328 3539 432 3611 figurer
445 3559 480 3595 en
493 3543 632 3615 premiere
643 3540 719 3613 ligne
730 3557 838 3595 comme
849 3538 971 3612 dapifero
985 3543 1000 3593 ὰ
1012 3538 1074 3592 leur
1085 3554 1162 3591 cour.

102 3624 151 3681 On
168 3636 267 3682 trouve
283 3638 383 3701 quatre
400 3631 575 3702 generatione
592 3629 688 3685 denes
704 3630 849 3701 seigneurs
865 3629 1058 3682 mentionneet
1073 3626 1163 3701 pnrrni

102 3712 141 3767 ies
161 3713 342 3770 bienfaiteurs
360 3715 395 3771 de
408 3716 432 3769 la
451 3716 592 3789 collegiaie
607 3717 642 3773 de
662 3719 812 3782 leicester,
835 3716 937 3771 sondec
950 3735 986 3771 en
999 3719 1078 3782 tter,
1094 3731 1166 3787 pour

101 3801 151 3860 dot
162 3803 316 3861 ohanninee
325 3806 470 3872 seoniiers,
490 3825 539 3878 par
554 3806 580 3861 le
597 3818 688 3863 comte
703 3806 810 3861 Robert
821 3805 859 3860 dc
869 3805 993 3862 Henioc.
1008 3806 1085 3860 Nous
1099 3817 1165 3874 rop-

102 3908 202 3962 pomt
219 3911 279 3966 que
294 3895 360 3951 c'ert
378 3896 407 3951 ln
425 3896 563 3970 premiere
584 3898 633 3969 qni
651 3895 740 3966 ligure
758 3894 794 3949 ici
812 3894 881 3950 dans
896 3894 922 3951 le
943 3895 1012 3950 rdeit
1030 3893 1066 3948 de
1078 3901 1165 3946 ¹notre

101 3991 211 4036 auteur.

135 4069 171 4141 (t)
190 4071 333 4141 ijonrs
345 4072 575 4138 unane-ttoni,
589 4074 719 4145 seigneur
730 4072 765 4128 de
777 4071 1012 4128 pont-Eehnnfre.
1025 4068 1048 4123 tt
1060 4087 1077 4139 y
1092 4065 1163 4120 avait

103 4157 214 4211 environ
227 4161 296 4213 troie
309 4158 394 4215 lienes
406 4160 441 4216 dn
453 4180 483 4215 ce
495 4163 610 4216 chetean
622 4163 638 4214 t
650 4159 723 4226 lire,
738 4172 766 4215 ct
778 4160 854 4215 deux·
865 4159 1019 4214 sentement
1030 4158 1046 4209 ir
1057 4153 1136 4209 Glos.
