<?xml version="1.0" encoding="UTF-8"?>
<!DOCTYPE html PUBLIC "-//W3C//DTD XHTML 1.0 Transitional//EN"
    "http://www.w3.org/TR/xhtml1/DTD/xhtml1-transitional.dtd">
<html xmlns="http://www.w3.org/1999/xhtml" xml:lang="en" lang="en">
 <head>
  <title>
</title>
<meta http-equiv="Content-Type" content="text/html;charset=utf-8" />
  <meta name='ocr-system' content='tesseract 3.04.00' />
  <meta name='ocr-capabilities' content='ocr_page ocr_carea ocr_par ocr_line ocrx_word'/>
</head>
<body>
  <div class='ocr_page' id='page_1' title='image "./ordericivitalis07deligoog/ordericivitalis07deligoog_0393.png"; bbox 0 0 2888 4934; ppageno 0'>
   <div class='ocr_carea' id='block_1_1' title="bbox 197 418 1248 500">
    <p class='ocr_par' dir='ltr' id='par_1_1' title="bbox 197 418 1248 500">
     <span class='ocr_line' id='line_1_1' title="bbox 197 418 1248 500; baseline -0.004 -15"><span class='ocrx_word' id='word_1_1' title='bbox 197 424 257 485; x_wconf 78' lang='grc'><strong>380</strong></span> <span class='ocrx_word' id='word_1_2' title='bbox 470 419 655 482; x_wconf 77' lang='lat' dir='ltr'>HISTORIA</span> <span class='ocrx_word' id='word_1_3' title='bbox 676 418 982 482; x_wconf 69' lang='lat' dir='ltr'><strong>achEffltsttctt.</strong></span> <span class='ocrx_word' id='word_1_4' title='bbox 1011 422 1248 500; x_wconf 70' lang='lat' dir='ltr'><strong>[maurillii]</strong></span> 
     </span>
    </p>
   </div>
   <div class='ocr_carea' id='block_1_2' title="bbox 181 552 1259 4222">
    <p class='ocr_par' dir='ltr' id='par_1_2' title="bbox 181 552 1259 4222">
     <span class='ocr_line' id='line_1_2' title="bbox 245 552 1250 651; baseline 0.001 -25"><span class='ocrx_word' id='word_1_5' title='bbox 245 555 386 627; x_wconf 83' lang='lat' dir='ltr'><strong>Francis</strong></span> <span class='ocrx_word' id='word_1_6' title='bbox 402 555 520 651; x_wconf 84' lang='lat' dir='ltr'><strong>itaque</strong></span> <span class='ocrx_word' id='word_1_7' title='bbox 537 566 661 625; x_wconf 86' lang='lat' dir='ltr'><strong>contra</strong></span> <span class='ocrx_word' id='word_1_8' title='bbox 675 557 902 626; x_wconf 82' lang='lat' dir='ltr'><strong>Normannoa</strong></span> <span class='ocrx_word' id='word_1_9' title='bbox 914 552 1250 627; x_wconf 73' lang='lat' dir='ltr'><strong>adminiculantibus</strong></span> 
     </span>
     <span class='ocr_line' id='line_1_3' title="bbox 198 665 1247 766; baseline -0.002 -25"><span class='ocrx_word' id='word_1_10' title='bbox 198 669 391 756; x_wconf 80' lang='lat' dir='ltr'><strong>ttmalrico,</strong></span> <span class='ocrx_word' id='word_1_11' title='bbox 416 667 556 766; x_wconf 85' lang='lat' dir='ltr'><strong>grandis</strong></span> <span class='ocrx_word' id='word_1_12' title='bbox 579 665 629 740; x_wconf 83' lang='lat' dir='ltr'><strong>ibi</strong></span> <span class='ocrx_word' id='word_1_13' title='bbox 652 667 743 742; x_wconf 86' lang='lat' dir='ltr'><strong>facta</strong></span> <span class='ocrx_word' id='word_1_14' title='bbox 763 683 817 740; x_wconf 87' lang='lat' dir='ltr'><strong>est</strong></span> <span class='ocrx_word' id='word_1_15' title='bbox 838 668 1031 741; x_wconf 86' lang='lat' dir='ltr'><strong>verborum</strong></span> <span class='ocrx_word' id='word_1_16' title='bbox 1054 668 1247 741; x_wconf 69' lang='lat' dir='ltr'><strong>altercatio.</strong></span> 
     </span>
     <span class='ocr_line' id='line_1_4' title="bbox 195 778 1248 882; baseline -0.001 -27"><span class='ocrx_word' id='word_1_17' title='bbox 195 784 353 857; x_wconf 78' lang='lat' dir='ltr'><strong>Tandem</strong></span> <span class='ocrx_word' id='word_1_18' title='bbox 383 783 478 856; x_wconf 86' lang='lat' dir='ltr'><strong>facto</strong></span> <span class='ocrx_word' id='word_1_19' title='bbox 510 782 667 872; x_wconf 84' lang='lat' dir='ltr'><strong>silentio,</strong></span> <span class='ocrx_word' id='word_1_20' title='bbox 705 788 800 882; x_wconf 87' lang='lat' dir='ltr'><strong>Papa</strong></span> <span class='ocrx_word' id='word_1_21' title='bbox 833 783 973 857; x_wconf 83' lang='lat' dir='ltr'><strong>locutus</strong></span> <span class='ocrx_word' id='word_1_22' title='bbox 1004 798 1061 856; x_wconf 85' lang='lat' dir='ltr'><strong>est</strong></span> <span class='ocrx_word' id='word_1_23' title='bbox 1082 811 1092 854; x_wconf 75' lang='grc' dir='ltr'><strong>ε</strong></span> <span class='ocrx_word' id='word_1_24' title='bbox 1116 778 1248 870; x_wconf 86' lang='lat' dir='ltr'><strong>Nolite,</strong></span> 
     </span>
     <span class='ocr_line' id='line_1_5' title="bbox 195 898 1253 998; baseline 0.001 -27"><span class='ocrx_word' id='word_1_25' title='bbox 195 926 321 998; x_wconf 70' lang='lat' dir='ltr'><strong>quaese,</strong></span> <span class='ocrx_word' id='word_1_26' title='bbox 338 901 513 971; x_wconf 84' lang='lat' dir='ltr'><strong>carissirm&#39;</strong></span> <span class='ocrx_word' id='word_1_27' title='bbox 523 902 604 985; x_wconf 89' lang='lat' dir='ltr'><strong>mei,</strong></span> <span class='ocrx_word' id='word_1_28' title='bbox 620 899 880 997; x_wconf 77' lang='lat' dir='ltr'><strong>multiplicitate</strong></span> <span class='ocrx_word' id='word_1_29' title='bbox 890 898 1071 972; x_wconf 78' lang='lat' dir='ltr'><strong>verborum</strong></span> <span class='ocrx_word' id='word_1_30' title='bbox 1081 899 1253 972; x_wconf 79' lang='lat' dir='ltr'><strong>inutiliter</strong></span> 
     </span>
     <span class='ocr_line' id='line_1_6' title="bbox 195 1013 1250 1112; baseline -0.001 -27"><span class='ocrx_word' id='word_1_31' title='bbox 195 1013 417 1102; x_wconf 80' lang='lat' dir='ltr'><strong>contendere,</strong></span> <span class='ocrx_word' id='word_1_32' title='bbox 435 1013 498 1087; x_wconf 85' lang='lat' dir='ltr'><strong>sed</strong></span> <span class='ocrx_word' id='word_1_33' title='bbox 501 1039 641 1111; x_wconf 84' lang='lat' dir='ltr'><strong>pacem,</strong></span> <span class='ocrx_word' id='word_1_34' title='bbox 658 1014 782 1108; x_wconf 89' lang='lat' dir='ltr'><strong>utfilii</strong></span> <span class='ocrx_word' id='word_1_35' title='bbox 796 1017 876 1102; x_wconf 91' lang='lat' dir='ltr'><strong>Dei,</strong></span> <span class='ocrx_word' id='word_1_36' title='bbox 895 1017 975 1087; x_wconf 86' lang='lat' dir='ltr'><strong>totis</strong></span> <span class='ocrx_word' id='word_1_37' title='bbox 990 1013 1124 1086; x_wconf 69' lang='lat' dir='ltr'><strong>nisibus</strong></span> <span class='ocrx_word' id='word_1_38' title='bbox 1136 1016 1250 1112; x_wconf 81' lang='lat' dir='ltr'><strong>inqui·</strong></span> 
     </span>
     <span class='ocr_line' id='line_1_7' title="bbox 195 1126 1254 1227; baseline 0.001 -29"><span class='ocrx_word' id='word_1_39' title='bbox 195 1131 275 1199; x_wconf 88' lang='lat' dir='ltr'><strong>rite.</strong></span> <span class='ocrx_word' id='word_1_40' title='bbox 302 1129 414 1200; x_wconf 87' lang='lat' dir='ltr'><strong>Filius</strong></span> <span class='ocrx_word' id='word_1_41' title='bbox 434 1129 528 1200; x_wconf 86' lang='lat' dir='ltr'><strong>enim</strong></span> <span class='ocrx_word' id='word_1_42' title='bbox 551 1131 623 1200; x_wconf 90' lang='lat' dir='ltr'><strong>Dei</strong></span> <span class='ocrx_word' id='word_1_43' title='bbox 639 1153 710 1225; x_wconf 80' lang='lat' dir='ltr'><strong>pm</strong></span> <span class='ocrx_word' id='word_1_44' title='bbox 726 1154 819 1227; x_wconf 87' lang='lat' dir='ltr'><strong>pace</strong></span> <span class='ocrx_word' id='word_1_45' title='bbox 838 1127 882 1201; x_wconf 82' lang='lat' dir='ltr'><strong>de</strong></span> <span class='ocrx_word' id='word_1_46' title='bbox 900 1128 987 1202; x_wconf 84' lang='lat' dir='ltr'><strong>caelo</strong></span> <span class='ocrx_word' id='word_1_47' title='bbox 1004 1126 1210 1215; x_wconf 73' lang='lat' dir='ltr'><strong>descendit,¹</strong></span> <span class='ocrx_word' id='word_1_48' title='bbox 1220 1143 1254 1200; x_wconf 87' lang='lat' dir='ltr'><strong>et</strong></span> 
     </span>
     <span class='ocr_line' id='line_1_8' title="bbox 194 1242 1254 1344; baseline 0 -30"><span class='ocrx_word' id='word_1_49' title='bbox 194 1242 388 1314; x_wconf 71' lang='lat' dir='ltr'><strong>humanum</strong></span> <span class='ocrx_word' id='word_1_50' title='bbox 404 1268 528 1342; x_wconf 81' lang='lat' dir='ltr'><strong>corpus</strong></span> <span class='ocrx_word' id='word_1_51' title='bbox 542 1268 588 1313; x_wconf 77' lang='lat' dir='ltr'><strong>ex</strong></span> <span class='ocrx_word' id='word_1_52' title='bbox 606 1246 740 1315; x_wconf 88' lang='lat' dir='ltr'><strong>intacta</strong></span> <span class='ocrx_word' id='word_1_53' title='bbox 758 1246 904 1344; x_wconf 87' lang='lat' dir='ltr'><strong>Virgine</strong></span> <span class='ocrx_word' id='word_1_54' title='bbox 923 1247 1045 1315; x_wconf 82' lang='lat' dir='ltr'><strong>Maria</strong></span> <span class='ocrx_word' id='word_1_55' title='bbox 1062 1244 1254 1315; x_wconf 85' lang='lat' dir='ltr'><strong>clementer</strong></span> 
     </span>
     <span class='ocr_line' id='line_1_9' title="bbox 195 1358 1253 1458; baseline -0.004 -26"><span class='ocrx_word' id='word_1_56' title='bbox 195 1362 397 1457; x_wconf 71' lang='lat' dir='ltr'><strong>asswnpnit,</strong></span> <span class='ocrx_word' id='word_1_57' title='bbox 411 1375 451 1431; x_wconf 91' lang='lat' dir='ltr'><strong>ut</strong></span> <span class='ocrx_word' id='word_1_58' title='bbox 459 1358 619 1430; x_wconf 79' lang='lat' dir='ltr'><strong>letlralem</strong></span> <span class='ocrx_word' id='word_1_59' title='bbox 624 1384 803 1458; x_wconf 81' lang='lat' dir='ltr'><strong>gturrum,</strong></span> <span class='ocrx_word' id='word_1_60' title='bbox 812 1384 881 1458; x_wconf 84' lang='lat' dir='ltr'><strong>per</strong></span> <span class='ocrx_word' id='word_1_61' title='bbox 889 1359 1113 1456; x_wconf 85' lang='lat' dir='ltr'><strong>Protoplasti</strong></span> <span class='ocrx_word' id='word_1_62' title='bbox 1120 1374 1253 1429; x_wconf 73' lang='lat' dir='ltr'><strong>reatem</strong></span> 
     </span>
     <span class='ocr_line' id='line_1_10' title="bbox 189 1472 1253 1574; baseline -0.004 -28"><span class='ocrx_word' id='word_1_63' title='bbox 189 1500 428 1574; x_wconf 72' lang='lat' dir='ltr'><strong>progressuri,</strong></span> <span class='ocrx_word' id='word_1_64' title='bbox 438 1475 500 1572; x_wconf 83' lang='lat' dir='ltr'><strong>pie</strong></span> <span class='ocrx_word' id='word_1_65' title='bbox 508 1472 649 1545; x_wconf 86' lang='lat' dir='ltr'><strong>sedaret</strong></span> <span class='ocrx_word' id='word_1_66' title='bbox 652 1503 667 1561; x_wconf 91' lang='lat'><em>;</em></span> <span class='ocrx_word' id='word_1_67' title='bbox 679 1489 720 1545; x_wconf 93' lang='lat' dir='ltr'><strong>ut</strong></span> <span class='ocrx_word' id='word_1_68' title='bbox 723 1499 850 1572; x_wconf 86' lang='lat' dir='ltr'><strong>pacem</strong></span> <span class='ocrx_word' id='word_1_69' title='bbox 863 1477 956 1545; x_wconf 85' lang='lat' dir='ltr'><strong>inter</strong></span> <span class='ocrx_word' id='word_1_70' title='bbox 967 1480 1084 1546; x_wconf 87' lang='lat' dir='ltr'><strong>Deum</strong></span> <span class='ocrx_word' id='word_1_71' title='bbox 1097 1488 1137 1543; x_wconf 87' lang='lat' dir='ltr'><strong>et</strong></span> <span class='ocrx_word' id='word_1_72' title='bbox 1145 1473 1253 1543; x_wconf 71' lang='lat' dir='ltr'><strong>lomi</strong></span> 
     </span>
     <span class='ocr_line' id='line_1_11' title="bbox 194 1587 1257 1687; baseline -0.004 -27"><span class='ocrx_word' id='word_1_73' title='bbox 194 1615 291 1675; x_wconf 84' lang='lat' dir='ltr'><strong>uem,</strong></span> <span class='ocrx_word' id='word_1_74' title='bbox 316 1592 390 1687; x_wconf 75' lang='lat' dir='ltr'><strong>ipm</strong></span> <span class='ocrx_word' id='word_1_75' title='bbox 408 1605 581 1686; x_wconf 85' lang='lat' dir='ltr'><strong>sequester</strong></span> <span class='ocrx_word' id='word_1_76' title='bbox 592 1588 734 1684; x_wconf 80' lang='lat' dir='ltr'><strong>factus,</strong></span> <span class='ocrx_word' id='word_1_77' title='bbox 755 1592 928 1676; x_wconf 89' lang='lat' dir='ltr'><strong>mitteret,·</strong></span> <span class='ocrx_word' id='word_1_78' title='bbox 947 1605 990 1661; x_wconf 89' lang='lat' dir='ltr'><strong>ut</strong></span> <span class='ocrx_word' id='word_1_79' title='bbox 1005 1587 1207 1686; x_wconf 82' lang='lat' dir='ltr'><strong>angelicam</strong></span> <span class='ocrx_word' id='word_1_80' title='bbox 1220 1602 1257 1657; x_wconf 87' lang='lat' dir='ltr'><strong>et</strong></span> 
     </span>
     <span class='ocr_line' id='line_1_12' title="bbox 193 1699 1253 1802; baseline -0.004 -26"><span class='ocrx_word' id='word_1_81' title='bbox 193 1702 386 1776; x_wconf 66' lang='lat' dir='ltr'><strong>muranum</strong></span> <span class='ocrx_word' id='word_1_82' title='bbox 409 1719 574 1775; x_wconf 87' lang='lat' dir='ltr'><strong>naturam</strong></span> <span class='ocrx_word' id='word_1_83' title='bbox 600 1702 853 1776; x_wconf 79' lang='lat' dir='ltr'><strong>reconciliaret.</strong></span> <span class='ocrx_word' id='word_1_84' title='bbox 882 1708 1002 1802; x_wconf 90' lang='lat' dir='ltr'><strong>Ipsum</strong></span> <span class='ocrx_word' id='word_1_85' title='bbox 1026 1705 1065 1772; x_wconf 87' lang='lat' dir='ltr'><strong>in</strong></span> <span class='ocrx_word' id='word_1_86' title='bbox 1095 1699 1253 1773; x_wconf 56' lang='lat' dir='ltr'><strong>omnibu</strong></span> 
     </span>
     <span class='ocr_line' id='line_1_13' title="bbox 192 1815 1253 1917; baseline -0.004 -27"><span class='ocrx_word' id='word_1_87' title='bbox 192 1823 294 1917; x_wconf 87' lang='lat' dir='ltr'><strong>sequi</strong></span> <span class='ocrx_word' id='word_1_88' title='bbox 307 1818 480 1904; x_wconf 84' lang='lat' dir='ltr'><strong>debemus,</strong></span> <span class='ocrx_word' id='word_1_89' title='bbox 504 1821 567 1917; x_wconf 89' lang='lat' dir='ltr'><strong>qui</strong></span> <span class='ocrx_word' id='word_1_90' title='bbox 581 1818 658 1917; x_wconf 86' lang='lat' dir='ltr'><strong>ejus</strong></span> <span class='ocrx_word' id='word_1_91' title='bbox 678 1821 717 1889; x_wconf 88' lang='lat' dir='ltr'><strong>in</strong></span> <span class='ocrx_word' id='word_1_92' title='bbox 730 1817 866 1916; x_wconf 90' lang='lat' dir='ltr'><strong>populo</strong></span> <span class='ocrx_word' id='word_1_93' title='bbox 886 1842 951 1888; x_wconf 88' lang='lat' dir='ltr'><strong>suc</strong></span> <span class='ocrx_word' id='word_1_94' title='bbox 973 1818 1098 1887; x_wconf 79' lang='lat' dir='ltr'><strong>vicarii</strong></span> <span class='ocrx_word' id='word_1_95' title='bbox 1116 1815 1253 1914; x_wconf 84' lang='lat' dir='ltr'><strong>qualer-</strong></span> 
     </span>
     <span class='ocr_line' id='line_1_14' title="bbox 193 1931 1253 2032; baseline -0.003 -28"><span class='ocrx_word' id='word_1_96' title='bbox 193 1959 339 2032; x_wconf 87' lang='lat' dir='ltr'><strong>cumque</strong></span> <span class='ocrx_word' id='word_1_97' title='bbox 354 1960 484 2006; x_wconf 85' lang='lat' dir='ltr'><strong>sumus.</strong></span> <span class='ocrx_word' id='word_1_98' title='bbox 506 1939 635 2006; x_wconf 85' lang='lat' dir='ltr'><strong>Pacem</strong></span> <span class='ocrx_word' id='word_1_99' title='bbox 652 1949 686 2005; x_wconf 93' lang='lat' dir='ltr'><strong>et</strong></span> <span class='ocrx_word' id='word_1_100' title='bbox 697 1934 848 2006; x_wconf 72' lang='lat' dir='ltr'><strong>saltuem</strong></span> <span class='ocrx_word' id='word_1_101' title='bbox 864 1931 1029 2004; x_wconf 86' lang='lat' dir='ltr'><strong>membris</strong></span> <span class='ocrx_word' id='word_1_102' title='bbox 1044 1931 1125 2031; x_wconf 87' lang='lat' dir='ltr'><strong>ejus</strong></span> <span class='ocrx_word' id='word_1_103' title='bbox 1139 1933 1253 2001; x_wconf 84' lang='lat' dir='ltr'><strong>omni·</strong></span> 
     </span>
     <span class='ocr_line' id='line_1_15' title="bbox 193 2046 1255 2148; baseline -0.004 -27"><span class='ocrx_word' id='word_1_104' title='bbox 193 2048 306 2121; x_wconf 76' lang='lat' dir='ltr'><strong>modu·</strong></span> <span class='ocrx_word' id='word_1_105' title='bbox 314 2075 511 2146; x_wconf 89' lang='lat' dir='ltr'><strong>procurare</strong></span> <span class='ocrx_word' id='word_1_106' title='bbox 523 2065 740 2148; x_wconf 77' lang='lat' dir='ltr'><strong>saurganuu,</strong></span> <span class='ocrx_word' id='word_1_107' title='bbox 759 2051 844 2148; x_wconf 86' lang='lat' dir='ltr'><strong>quia</strong></span> <span class='ocrx_word' id='word_1_108' title='bbox 859 2050 1017 2120; x_wconf 69' lang='lat' dir='ltr'><strong>adnisui</strong></span> <span class='ocrx_word' id='word_1_109' title='bbox 1026 2063 1062 2118; x_wconf 87' lang='lat' dir='ltr'><strong>et</strong></span> <span class='ocrx_word' id='word_1_110' title='bbox 1073 2046 1255 2144; x_wconf 77' lang='lat' dir='ltr'><strong>dispensa·</strong></span> 
     </span>
     <span class='ocr_line' id='line_1_16' title="bbox 194 2161 1256 2260; baseline -0.002 -26"><span class='ocrx_word' id='word_1_111' title='bbox 194 2179 286 2235; x_wconf 88' lang='lat' dir='ltr'><strong>tores</strong></span> <span class='ocrx_word' id='word_1_112' title='bbox 295 2168 571 2237; x_wconf 70' lang='lat' dir='ltr'><strong>ministeriorum</strong></span> <span class='ocrx_word' id='word_1_113' title='bbox 586 2168 655 2237; x_wconf 89' lang='lat' dir='ltr'><strong>Dei</strong></span> <span class='ocrx_word' id='word_1_114' title='bbox 661 2190 793 2237; x_wconf 87' lang='lat' dir='ltr'><strong>sumus.</strong></span> <span class='ocrx_word' id='word_1_115' title='bbox 813 2162 970 2235; x_wconf 82' lang='lat' dir='ltr'><strong>Membra</strong></span> <span class='ocrx_word' id='word_1_116' title='bbox 980 2165 1113 2260; x_wconf 87' lang='lat' dir='ltr'><strong>quippe</strong></span> <span class='ocrx_word' id='word_1_117' title='bbox 1126 2161 1256 2233; x_wconf 82' lang='lat' dir='ltr'><strong>Clarr&#39;sti</strong></span> 
     </span>
     <span class='ocr_line' id='line_1_17' title="bbox 188 2278 1257 2378; baseline -0.002 -29"><span class='ocrx_word' id='word_1_118' title='bbox 188 2279 361 2375; x_wconf 88' lang='lat' dir='ltr'><strong>populum</strong></span> <span class='ocrx_word' id='word_1_119' title='bbox 378 2280 609 2352; x_wconf 72' lang='lat' dir='ltr'><strong>christianum</strong></span> <span class='ocrx_word' id='word_1_120' title='bbox 623 2280 777 2378; x_wconf 87' lang='lat' dir='ltr'><strong>appello,</strong></span> <span class='ocrx_word' id='word_1_121' title='bbox 795 2305 899 2378; x_wconf 87' lang='lat' dir='ltr'><strong>quem</strong></span> <span class='ocrx_word' id='word_1_122' title='bbox 912 2283 986 2377; x_wconf 71' lang='lat' dir='ltr'><strong>ipse</strong></span> <span class='ocrx_word' id='word_1_123' title='bbox 998 2279 1188 2374; x_wconf 81' lang='lat' dir='ltr'><strong>sanguinis</strong></span> <span class='ocrx_word' id='word_1_124' title='bbox 1201 2278 1257 2347; x_wconf 84' lang='lat' dir='ltr'><strong>sui</strong></span> 
     </span>
     <span class='ocr_line' id='line_1_18' title="bbox 193 2389 1256 2490; baseline -0.001 -28"><span class='ocrx_word' id='word_1_125' title='bbox 193 2392 341 2465; x_wconf 82' lang='lat' dir='ltr'><strong>redemit</strong></span> <span class='ocrx_word' id='word_1_126' title='bbox 347 2398 479 2490; x_wconf 90' lang='lat' dir='ltr'><strong>precio.</strong></span> <span class='ocrx_word' id='word_1_127' title='bbox 497 2400 597 2466; x_wconf 87' lang='lat' dir='ltr'><strong>Inter</strong></span> <span class='ocrx_word' id='word_1_128' title='bbox 609 2394 749 2466; x_wconf 79' lang='lat' dir='ltr'><strong>bellicos</strong></span> <span class='ocrx_word' id='word_1_129' title='bbox 760 2394 929 2467; x_wconf 86' lang='lat' dir='ltr'><strong>tumultus</strong></span> <span class='ocrx_word' id='word_1_130' title='bbox 942 2389 1256 2490; x_wconf 64' lang='lat' dir='ltr'><strong>inperturbatum</strong></span> 
     </span>
     <span class='ocr_line' id='line_1_19' title="bbox 186 2507 1255 2610; baseline -0.003 -28"><span class='ocrx_word' id='word_1_131' title='bbox 186 2514 326 2607; x_wconf 86' lang='lat' dir='ltr'><strong>positus</strong></span> <span class='ocrx_word' id='word_1_132' title='bbox 341 2510 519 2594; x_wconf 80' lang='lat' dir='ltr'><strong>saeculari,</strong></span> <span class='ocrx_word' id='word_1_133' title='bbox 541 2514 619 2609; x_wconf 71' lang='lat' dir='ltr'><strong>quii·</strong></span> <span class='ocrx_word' id='word_1_134' title='bbox 635 2510 739 2610; x_wconf 83' lang='lat' dir='ltr'><strong>digne</strong></span> <span class='ocrx_word' id='word_1_135' title='bbox 751 2527 868 2609; x_wconf 88' lang='lat' dir='ltr'><strong>potest</strong></span> <span class='ocrx_word' id='word_1_136' title='bbox 880 2509 1086 2608; x_wconf 79' lang='lat' dir='ltr'><strong>spiritualia</strong></span> <span class='ocrx_word' id='word_1_137' title='bbox 1101 2507 1255 2580; x_wconf 78' lang='lat' dir='ltr'><strong>contem·</strong></span> 
     </span>
     <span class='ocr_line' id='line_1_20' title="bbox 186 2622 1256 2726; baseline -0.003 -29"><span class='ocrx_word' id='word_1_138' title='bbox 186 2627 304 2724; x_wconf 87' lang='lat' dir='ltr'><strong>pluri,</strong></span> <span class='ocrx_word' id='word_1_139' title='bbox 331 2629 385 2698; x_wconf 79' lang='lat' dir='ltr'><strong>vel</strong></span> <span class='ocrx_word' id='word_1_140' title='bbox 403 2631 441 2698; x_wconf 88' lang='lat' dir='ltr'><strong>in</strong></span> <span class='ocrx_word' id='word_1_141' title='bbox 465 2626 538 2726; x_wconf 87' lang='lat' dir='ltr'><strong>lege</strong></span> <span class='ocrx_word' id='word_1_142' title='bbox 562 2630 631 2698; x_wconf 89' lang='lat' dir='ltr'><strong>Dei</strong></span> <span class='ocrx_word' id='word_1_143' title='bbox 649 2644 885 2725; x_wconf 84' lang='lat' dir='ltr'><strong>competenter</strong></span> <span class='ocrx_word' id='word_1_144' title='bbox 907 2625 1099 2697; x_wconf 74' lang='lat' dir='ltr'><strong>nuditati?</strong></span> <span class='ocrx_word' id='word_1_145' title='bbox 1120 2622 1256 2696; x_wconf 86' lang='lat' dir='ltr'><strong>Bellica</strong></span> 
     </span>
     <span class='ocr_line' id='line_1_21' title="bbox 191 2737 1258 2838; baseline -0.004 -26"><span class='ocrx_word' id='word_1_146' title='bbox 191 2741 315 2813; x_wconf 74' lang='lat' dir='ltr'><strong>seditio</strong></span> <span class='ocrx_word' id='word_1_147' title='bbox 336 2740 454 2838; x_wconf 82' lang='lat' dir='ltr'><strong>plebes</strong></span> <span class='ocrx_word' id='word_1_148' title='bbox 480 2758 670 2812; x_wconf 83' lang='lat' dir='ltr'><strong>commovet</strong></span> <span class='ocrx_word' id='word_1_149' title='bbox 691 2767 734 2813; x_wconf 88' lang='lat' dir='ltr'><strong>ac</strong></span> <span class='ocrx_word' id='word_1_150' title='bbox 757 2741 929 2826; x_wconf 76' lang='lat' dir='ltr'><strong>dissolvit,</strong></span> <span class='ocrx_word' id='word_1_151' title='bbox 959 2757 997 2810; x_wconf 91' lang='lat' dir='ltr'><strong>et</strong></span> <span class='ocrx_word' id='word_1_152' title='bbox 1010 2765 1083 2836; x_wconf 88' lang='lat' dir='ltr'><strong>per</strong></span> <span class='ocrx_word' id='word_1_153' title='bbox 1105 2737 1258 2834; x_wconf 80' lang='lat' dir='ltr'><strong>abrttpta</strong></span> 
     </span>
     <span class='ocr_line' id='line_1_22' title="bbox 194 2852 1253 2954; baseline -0.005 -28"><span class='ocrx_word' id='word_1_154' title='bbox 194 2858 356 2927; x_wconf 83' lang='lat' dir='ltr'><strong>vitiorum</strong></span> <span class='ocrx_word' id='word_1_155' title='bbox 374 2855 549 2927; x_wconf 73' lang='lat' dir='ltr'><strong>lethaliter</strong></span> <span class='ocrx_word' id='word_1_156' title='bbox 564 2859 706 2953; x_wconf 77' lang='lat' dir='ltr'><strong>evagari</strong></span> <span class='ocrx_word' id='word_1_157' title='bbox 725 2857 827 2954; x_wconf 80' lang='lat' dir='ltr'><strong>cogit.</strong></span> <span class='ocrx_word' id='word_1_158' title='bbox 846 2855 1023 2926; x_wconf 74' lang='lat' dir='ltr'><strong>Ecclestas</strong></span> <span class='ocrx_word' id='word_1_159' title='bbox 1046 2852 1170 2939; x_wconf 75' lang='lat' dir='ltr'><strong>viclat,</strong></span> <span class='ocrx_word' id='word_1_160' title='bbox 1195 2876 1253 2921; x_wconf 86' lang='lat' dir='ltr'><strong>sa·</strong></span> 
     </span>
     <span class='ocr_line' id='line_1_23' title="bbox 192 2969 1258 3067; baseline -0.005 -25"><span class='ocrx_word' id='word_1_161' title='bbox 192 2987 294 3042; x_wconf 89' lang='lat' dir='ltr'><strong>crata</strong></span> <span class='ocrx_word' id='word_1_162' title='bbox 308 2973 543 3056; x_wconf 88' lang='lat' dir='ltr'><strong>contaminat,</strong></span> <span class='ocrx_word' id='word_1_163' title='bbox 563 2986 599 3041; x_wconf 89' lang='lat' dir='ltr'><strong>et</strong></span> <span class='ocrx_word' id='word_1_164' title='bbox 608 2971 721 3067; x_wconf 87' lang='lat' dir='ltr'><strong>plura</strong></span> <span class='ocrx_word' id='word_1_165' title='bbox 739 2969 882 3067; x_wconf 82' lang='lat' dir='ltr'><strong>nefaria</strong></span> <span class='ocrx_word' id='word_1_166' title='bbox 898 2973 1134 3041; x_wconf 83' lang='lat' dir='ltr'><strong>irreverenter</strong></span> <span class='ocrx_word' id='word_1_167' title='bbox 1146 2988 1258 3064; x_wconf 76' lang='lat' dir='ltr'><strong>exag-</strong></span> 
     </span>
     <span class='ocr_line' id='line_1_24' title="bbox 189 3080 1259 3185; baseline -0.006 -27"><span class='ocrx_word' id='word_1_168' title='bbox 189 3104 303 3185; x_wconf 85' lang='lat' dir='ltr'><strong>gerat.</strong></span> <span class='ocrx_word' id='word_1_169' title='bbox 327 3087 469 3159; x_wconf 87' lang='lat' dir='ltr'><strong>Clerum</strong></span> <span class='ocrx_word' id='word_1_170' title='bbox 489 3087 704 3159; x_wconf 78' lang='lat' dir='ltr'><strong>veliementer</strong></span> <span class='ocrx_word' id='word_1_171' title='bbox 720 3089 908 3185; x_wconf 84' lang='lat' dir='ltr'><strong>inquietat,</strong></span> <span class='ocrx_word' id='word_1_172' title='bbox 935 3102 969 3157; x_wconf 91' lang='lat' dir='ltr'><strong>et</strong></span> <span class='ocrx_word' id='word_1_173' title='bbox 989 3110 1013 3155; x_wconf 91' lang='lat' dir='ltr'><strong>a</strong></span> <span class='ocrx_word' id='word_1_174' title='bbox 1031 3082 1149 3155; x_wconf 74' lang='lat' dir='ltr'><strong>sardic</strong></span> <span class='ocrx_word' id='word_1_175' title='bbox 1161 3080 1259 3153; x_wconf 85' lang='lat' dir='ltr'><strong>¹reli-</strong></span> 
     </span>
     <span class='ocr_line' id='line_1_25' title="bbox 189 3199 1257 3299; baseline -0.004 -27"><span class='ocrx_word' id='word_1_176' title='bbox 189 3204 305 3299; x_wconf 84' lang='lat' dir='ltr'><strong>gionis</strong></span> <span class='ocrx_word' id='word_1_177' title='bbox 316 3201 479 3299; x_wconf 85' lang='lat' dir='ltr'><strong>pluribus</strong></span> <span class='ocrx_word' id='word_1_178' title='bbox 494 3201 606 3275; x_wconf 79' lang='lat' dir='ltr'><strong>modis</strong></span> <span class='ocrx_word' id='word_1_179' title='bbox 622 3218 750 3274; x_wconf 80' lang='lat' dir='ltr'><strong>evocat.</strong></span> <span class='ocrx_word' id='word_1_180' title='bbox 771 3206 818 3272; x_wconf 87' lang='lat' dir='ltr'><strong>In</strong></span> <span class='ocrx_word' id='word_1_181' title='bbox 833 3199 930 3272; x_wconf 89' lang='lat' dir='ltr'><strong>cultu</strong></span> <span class='ocrx_word' id='word_1_182' title='bbox 944 3201 1015 3271; x_wconf 87' lang='lat' dir='ltr'><strong>Dei</strong></span> <span class='ocrx_word' id='word_1_183' title='bbox 1028 3200 1257 3269; x_wconf 71' lang='lat' dir='ltr'><strong>wmutentes</strong></span> 
     </span>
     <span class='ocr_line' id='line_1_26' title="bbox 192 3312 1255 3416; baseline -0.002 -31"><span class='ocrx_word' id='word_1_184' title='bbox 192 3317 349 3403; x_wconf 73' lang='lat' dir='ltr'><strong>territat,</strong></span> <span class='ocrx_word' id='word_1_185' title='bbox 369 3317 537 3389; x_wconf 81' lang='lat' dir='ltr'><strong>nwlesti&#39;is</strong></span> <span class='ocrx_word' id='word_1_186' title='bbox 551 3321 712 3416; x_wconf 85' lang='lat' dir='ltr'><strong>nequiter</strong></span> <span class='ocrx_word' id='word_1_187' title='bbox 726 3315 887 3413; x_wconf 74' lang='lat' dir='ltr'><strong>infestat,</strong></span> <span class='ocrx_word' id='word_1_188' title='bbox 909 3331 946 3386; x_wconf 90' lang='lat' dir='ltr'><strong>et</strong></span> <span class='ocrx_word' id='word_1_189' title='bbox 958 3312 1045 3413; x_wconf 87' lang='lat' dir='ltr'><strong>quid</strong></span> <span class='ocrx_word' id='word_1_190' title='bbox 1055 3330 1173 3412; x_wconf 82' lang='lat' dir='ltr'><strong>agam</strong></span> <span class='ocrx_word' id='word_1_191' title='bbox 1180 3336 1255 3411; x_wconf 78' lang='lat' dir='ltr'><strong>pre</strong></span> 
     </span>
     <span class='ocr_line' id='line_1_27' title="bbox 192 3428 1251 3530; baseline -0.002 -31"><span class='ocrx_word' id='word_1_192' title='bbox 192 3431 317 3501; x_wconf 72' lang='lat' dir='ltr'><strong>trirtore</strong></span> <span class='ocrx_word' id='word_1_193' title='bbox 329 3437 521 3505; x_wconf 77' lang='lat' dir='ltr'><strong>nescientes</strong></span> <span class='ocrx_word' id='word_1_194' title='bbox 533 3449 688 3504; x_wconf 77' lang='lat' dir='ltr'><strong>enervat.</strong></span> <span class='ocrx_word' id='word_1_195' title='bbox 710 3431 920 3530; x_wconf 86' lang='lat' dir='ltr'><strong>Regularem</strong></span> <span class='ocrx_word' id='word_1_196' title='bbox 933 3428 1161 3525; x_wconf 77' lang='lat' dir='ltr'><strong>disciplinam</strong></span> <span class='ocrx_word' id='word_1_197' title='bbox 1174 3451 1251 3498; x_wconf 79' lang='lat' dir='ltr'><strong>can·</strong></span> 
     </span>
     <span class='ocr_line' id='line_1_28' title="bbox 181 3543 1253 3646; baseline -0.003 -29"><span class='ocrx_word' id='word_1_198' title='bbox 181 3543 313 3640; x_wconf 83' lang='lat' dir='ltr'><strong>fundit</strong></span> <span class='ocrx_word' id='word_1_199' title='bbox 335 3573 378 3618; x_wconf 91' lang='lat' dir='ltr'><strong>ac</strong></span> <span class='ocrx_word' id='word_1_200' title='bbox 404 3547 564 3646; x_wconf 87' lang='lat' dir='ltr'><strong>dissipat,</strong></span> <span class='ocrx_word' id='word_1_201' title='bbox 594 3565 631 3619; x_wconf 91' lang='lat' dir='ltr'><strong>et</strong></span> <span class='ocrx_word' id='word_1_202' title='bbox 653 3547 933 3645; x_wconf 78' lang='lat' dir='ltr'><strong>indisciplinatos</strong></span> <span class='ocrx_word' id='word_1_203' title='bbox 958 3549 997 3616; x_wconf 87' lang='lat' dir='ltr'><strong>in</strong></span> <span class='ocrx_word' id='word_1_204' title='bbox 1024 3571 1131 3616; x_wconf 87' lang='lat' dir='ltr'><strong>omne</strong></span> <span class='ocrx_word' id='word_1_205' title='bbox 1155 3543 1253 3639; x_wconf 80' lang='lat' dir='ltr'><strong>nefas</strong></span> 
     </span>
     <span class='ocr_line' id='line_1_29' title="bbox 187 3656 1251 3760; baseline -0.003 -30"><span class='ocrx_word' id='word_1_206' title='bbox 187 3661 398 3756; x_wconf 71' lang='lat' dir='ltr'><strong>precipitat.</strong></span> <span class='ocrx_word' id='word_1_207' title='bbox 422 3662 686 3733; x_wconf 76' lang='lat' dir='ltr'><strong>Ecclesiasticus</strong></span> <span class='ocrx_word' id='word_1_208' title='bbox 706 3665 824 3759; x_wconf 89' lang='lat' dir='ltr'><strong>itaque</strong></span> <span class='ocrx_word' id='word_1_209' title='bbox 846 3664 943 3760; x_wconf 88' lang='lat' dir='ltr'><strong>rigor</strong></span> <span class='ocrx_word' id='word_1_210' title='bbox 963 3659 1178 3745; x_wconf 69' lang='lat' dir='ltr'><strong>dissolvitur,</strong></span> <span class='ocrx_word' id='word_1_211' title='bbox 1203 3656 1251 3727; x_wconf 89' lang='lat' dir='ltr'><strong>le·</strong></span> 
     </span>
     <span class='ocr_line' id='line_1_30' title="bbox 192 3773 1255 3876; baseline -0.002 -30"><span class='ocrx_word' id='word_1_212' title='bbox 192 3774 322 3870; x_wconf 70' lang='lat' dir='ltr'><strong>tiufera</strong></span> <span class='ocrx_word' id='word_1_213' title='bbox 335 3774 515 3848; x_wconf 75' lang='lat' dir='ltr'><strong>dissolutio</strong></span> <span class='ocrx_word' id='word_1_214' title='bbox 518 3781 657 3876; x_wconf 85' lang='lat' dir='ltr'><strong>passim</strong></span> <span class='ocrx_word' id='word_1_215' title='bbox 667 3776 895 3875; x_wconf 76' lang='lat' dir='ltr'><strong>dissundiair,</strong></span> <span class='ocrx_word' id='word_1_216' title='bbox 910 3794 946 3848; x_wconf 91' lang='lat' dir='ltr'><strong>et</strong></span> <span class='ocrx_word' id='word_1_217' title='bbox 957 3779 1132 3848; x_wconf 85' lang='lat' dir='ltr'><strong>castitatis</strong></span> <span class='ocrx_word' id='word_1_218' title='bbox 1141 3773 1255 3873; x_wconf 58' lang='lat' dir='ltr'><strong>‘sudor</strong></span> 
     </span>
     <span class='ocr_line' id='line_1_31' title="bbox 190 3887 1249 3987; baseline 0 -28"><span class='ocrx_word' id='word_1_219' title='bbox 190 3887 357 3977; x_wconf 72' lang='lat' dir='ltr'><strong>flebiliter</strong></span> <span class='ocrx_word' id='word_1_220' title='bbox 374 3894 574 3987; x_wconf 76' lang='lat' dir='ltr'><strong>exponitur.</strong></span> <span class='ocrx_word' id='word_1_221' title='bbox 596 3898 630 3962; x_wconf 88' lang='lat' dir='ltr'><em>F</em></span> <span class='ocrx_word' id='word_1_222' title='bbox 627 3894 707 3963; x_wconf 91' lang='lat' dir='ltr'><strong>uria</strong></span> <span class='ocrx_word' id='word_1_223' title='bbox 725 3917 802 3963; x_wconf 80' lang='lat' dir='ltr'><strong>uero</strong></span> <span class='ocrx_word' id='word_1_224' title='bbox 821 3891 997 3962; x_wconf 83' lang='lat' dir='ltr'><strong>malorum</strong></span> <span class='ocrx_word' id='word_1_225' title='bbox 1013 3888 1249 3962; x_wconf 83' lang='lat' dir='ltr'><strong>abominabili·</strong></span> 
     </span>
     <span class='ocr_line' id='line_1_32' title="bbox 193 4004 1247 4105; baseline 0 -32"><span class='ocrx_word' id='word_1_226' title='bbox 193 4019 246 4074; x_wconf 89' lang='lat' dir='ltr'><strong>ter</strong></span> <span class='ocrx_word' id='word_1_227' title='bbox 258 4021 456 4102; x_wconf 82' lang='lat' dir='ltr'><strong>grassatur,</strong></span> <span class='ocrx_word' id='word_1_228' title='bbox 479 4021 513 4076; x_wconf 91' lang='lat' dir='ltr'><strong>et</strong></span> <span class='ocrx_word' id='word_1_229' title='bbox 532 4008 733 4104; x_wconf 87' lang='lat' dir='ltr'><strong>iniquorum</strong></span> <span class='ocrx_word' id='word_1_230' title='bbox 750 4007 915 4105; x_wconf 72' lang='lat' dir='ltr'><strong>phalanx</strong></span> <span class='ocrx_word' id='word_1_231' title='bbox 933 4004 984 4076; x_wconf 89' lang='lat' dir='ltr'><strong>ad</strong></span> <span class='ocrx_word' id='word_1_232' title='bbox 998 4004 1134 4102; x_wconf 79' lang='lat' dir='ltr'><strong>inseras</strong></span> <span class='ocrx_word' id='word_1_233' title='bbox 1152 4006 1247 4074; x_wconf 70' lang='lat' dir='ltr'><strong>naue·</strong></span> 
     </span>
     <span class='ocr_line' id='line_1_33' title="bbox 195 4120 1246 4222; baseline 0.005 -35"><span class='ocrx_word' id='word_1_234' title='bbox 195 4120 352 4195; x_wconf 85' lang='lat' dir='ltr'><strong>rabiliter</strong></span> <span class='ocrx_word' id='word_1_235' title='bbox 368 4122 521 4222; x_wconf 70' lang='lat' dir='ltr'><strong>quottilie</strong></span> <span class='ocrx_word' id='word_1_236' title='bbox 540 4141 716 4220; x_wconf 88' lang='lat' dir='ltr'><strong>raptatur.</strong></span> <span class='ocrx_word' id='word_1_237' title='bbox 739 4130 870 4197; x_wconf 90' lang='lat' dir='ltr'><strong>Pacem</strong></span> <span class='ocrx_word' id='word_1_238' title='bbox 888 4127 1005 4222; x_wconf 78' lang='lat' dir='ltr'><strong>igitur,</strong></span> <span class='ocrx_word' id='word_1_239' title='bbox 1026 4148 1136 4221; x_wconf 86' lang='lat' dir='ltr'><strong>qaam</strong></span> <span class='ocrx_word' id='word_1_240' title='bbox 1150 4120 1246 4192; x_wconf 78' lang='lat' dir='ltr'><strong>tono·</strong></span> 
     </span>
    </p>
   </div>
   <div class='ocr_carea' id='block_1_3' title="bbox 0 0 1448 4934">
    <p class='ocr_par' dir='ltr' id='par_1_3' title="bbox 0 0 1448 4934">
     <span class='ocr_line' id='line_1_34' title="bbox 0 0 1448 4934; baseline 0 0"><span class='ocrx_word' id='word_1_241' title='bbox 0 0 1448 4934; x_wconf 95' lang='lat' dir='ltr'><strong> </strong></span> 
     </span>
    </p>
   </div>
  </div>
 </body>
</html>
