2888 4934
191 399 252 463 ut
445 395 631 460 nrsrorua
652 395 956 461 accusaturus.
1141 403 1247 479 [nor]

192 529 360 620 iohanni,
372 527 622 601 archidiacono
630 530 799 627 Sagiensi,
811 531 1000 622 commisit,
1013 545 1061 622 et,
1073 534 1250 604 Norman·

192 647 252 719 nia
272 645 467 746 prudenter
484 643 665 735 ordinata,
683 645 720 716 in
739 645 897 743 Angliam
913 646 960 718 ad
982 647 1083 745 regni
1106 646 1249 745 negot·-

192 761 374 835 tractanda
393 759 629 833 transfretavit
650 760 718 856 (l).
742 760 973 859 Supradictus
992 775 1112 835 autem
1133 760 1251 834 archi-

192 878 364 952 diaconus
378 874 572 949 Normanni
588 874 715 947 decani
731 874 824 948 lilius
840 875 921 968 fuit,
936 878 974 949 in
991 875 1141 950 ecclesia
1155 872 1251 949 sat·-

190 996 298 1068 riensi
326 1018 347 1067 a
378 992 528 1094 pueritia
558 991 729 1064 educatus
757 994 889 1082 crevit;
925 1018 1009 1067 curn
1040 990 1251 1093 prmsulibm

190 1107 349 1205 ejusdem
368 1107 478 1196 sedis,
500 1106 679 1180 Rodbeuo
698 1121 733 1179 et
748 1107 901 1181 Girardo
918 1133 961 1181 ac
977 1109 1144 1197 Serlone,
1164 1130 1251 1181 con·

189 1238 349 1296 versatus
361 1222 494 1313 floruit,
511 1222 767 1321 multiplicique
780 1222 957 1313 doctrina,
972 1239 1046 1296 tam
1056 1223 1094 1295 in
1105 1220 1251 1297 saecula·

190 1336 287 1409 ribus
301 1359 408 1433 quam
416 1336 453 1407 in
465 1334 706 1409 ecclesiasticis
715 1337 908 1427 institutus,
923 1337 1045 1434 viguit.
1059 1334 1250 1435 apmtntis

188 1453 308 1549 itaque
325 1450 514 1548 magistris,
533 1449 617 1547 quia
633 1451 770 1524 ratione
791 1465 827 1524 et
845 1452 1048 1550 eloquentia
1067 1453 1153 1524 satis
1174 1452 1250 1525 ni-

190 1567 268 1656 tuit,
283 1564 329 1638 ad
340 1564 647 1667 archidiaconatus
656 1565 813 1639 officium
824 1581 1025 1665 promotus,
1039 1565 1087 1637 ad
1099 1589 1250 1641 examen

189 1679 408 1754 rectitudinis
421 1678 502 1775 jure
517 1680 774 1779 proferendum
790 1682 883 1755 iuter
898 1683 1034 1783 primos
1049 1679 1197 1773 resedit,
1214 1694 1251 1755 et

189 1794 421 1869 ecclesiastica
440 1795 582 1892 negotia
604 1796 858 1869 rationabiliter
877 1796 939 1870 diu
961 1796 1140 1869 disseruit.
1161 1798 1252 1869 Tan·

189 1910 273 1983 dem
291 1910 381 1983 furia
399 1909 568 1983 liodberti
585 1911 815 1984 Belesmcnsis
831 1927 957 1984 contra
973 1911 1163 1984 Serlonem
1176 1910 1254 2011 epi·

189 2050 338 2125 scopum
360 2024 544 2118 efferbuit,
567 2040 603 2099 et
626 2026 812 2125 praefatum
833 2026 1143 2115 archidiaconem,
1168 2022 1254 2125 qo'n

189 2164 294 2211 suum
307 2138 514 2238 pontificem
528 2141 706 2240 praecipue
722 2141 926 2238 adjuvabat,
946 2166 1094 2214 exosum
1110 2138 1253 2231 habant,

190 2268 226 2327 et
249 2252 415 2326 feralibus
438 2255 544 2327 minis
566 2279 608 2327 ac
629 2255 914 2329 infestationibus
938 2257 1105 2356 persequi
1130 2254 1252 2355 ooepit.

190 2373 324 2460 Quem,
349 2370 433 2466 quia
452 2370 512 2442 ille
533 2371 570 2442 in
591 2372 670 2469 ipso
691 2388 855 2472 tempore
872 2374 1143 2474 potentissimus
1159 2382 1254 2461 erat,

191 2499 227 2556 et
241 2483 301 2556 vix
316 2483 410 2556 ullus
425 2485 462 2557 in
480 2487 697 2558 Nonnannia
713 2488 790 2584 ejus
806 2514 968 2587 guerram
986 2489 1079 2562 ferre
1093 2498 1254 2586 poterat,

191 2805 267 2862 tuille
285 2805 321 2860 de
338 2803 521 2868 Tincbebrai,
539 2804 671 2877 puisque,
692 2801 741 2858 des
757 2802 783 2858 le
800 2803 896 2858 milieu
912 2803 1069 2875 d'octoboe,
1089 2805 1181 2861 Heuri
1195 2804 1255 2861 aiut

192 2895 319 2968 presider-
329 2891 496 2949 l'assemble'e
506 2891 542 2948 de
555 2893 673 2947 Lisieux.

227 2984 267 3054 (l)
281 2983 369 3038 Notre
381 2991 481 3037 auteur
492 2980 587 3035 renuit
598 2979 671 3035 deux
684 2981 859 3034 eveneruents
871 2983 979 3053 separes
991 2998 1041 3054 par
1050 2998 1089 3034 un
1101 2998 1177 3037 assu
1186 2979 1254 3055 long

193 3069 345 3125 intervalla.
360 3071 450 3143 Apris
462 3068 488 3124 la
501 3069 666 3124 soumission
680 3067 716 3122 de
729 3066 849 3122 Ranulic
860 3067 1019 3138 Flambard,
1032 3069 1135 3136 Herae,
1150 3068 1254 3144 ἑὴν

194 3157 230 3213 de
242 3158 362 3232 bangor,
375 3157 512 3213 demanda
522 3175 559 3212 au
567 3157 619 3223 rui,
632 3174 696 3211 sous
705 3155 731 3211 le
740 3159 864 3228 pre'terte
872 3156 922 3211 des
930 3157 1115 3213 devastatione
1127 3158 1254 3213 exaud.

194 3245 263 3301 daus
273 3245 300 3302 le
311 3247 453 3302 territoire
464 3246 500 3302 de
512 3265 561 3302 son
574 3245 693 3314 diocese,
707 3244 794 3300 d’srre
807 3246 941 3302 transfere
952 3252 968 3303 a
981 3248 1099 3302 Lisieux.
1113 3247 1152 3304 lae
1163 3246 1207 3304 roi
1217 3264 1253 3303 αι

194 3333 291 3388 ecrivit
305 3335 321 3386 b
337 3333 410 3387 saint
425 3332 565 3389 Anselrno.
584 3332 704 3389 Calui-ci
720 3331 852 3406 repondit
869 3351 925 3407 que
940 3353 972 3390 ce
989 3336 1071 3389 serait
1088 3353 1146 3390 unc
1160 3332 1253 3391 affuit!

196 3437 291 3493 grave,
309 3420 357 3493 qui
375 3438 411 3476 ne
432 3422 559 3493 pourrait
577 3422 638 3477 etre
658 3423 833 3476 consummes
853 3440 915 3478 sans
933 3423 959 3479 le
977 3434 1190 3481 mnaenternent
1205 3420 1254 3479 b

194 3507 311 3580 drdques
323 3505 359 3562 de
369 3507 396 3562 la
407 3509 537 3581 province
550 3519 579 3564 et
593 3508 619 3564 la
633 3511 757 3565 muctiou
770 3509 954 3585 apostolique.

231 3595 268 3649 Le
280 3595 322 3648 roi
336 3595 426 3649 revint
438 3614 474 3650 en
486 3596 651 3669 Angleterre
665 3597 788 3671 pendant
801 3597 828 3652 le
841 3600 964 3670 carente,
979 3598 1100 3653 trainant
1111 3601 1128 3652 a
1140 3616 1170 3653 sa
1182 3596 1253 3654 suite

196 3700 238 3738 aes
250 3681 421 3756 prisonniers
431 3681 501 3737 dela
511 3683 622 3740 bataille
632 3684 668 3740 de
679 3683 860 3740 Tincbebrai.
871 3685 894 3739 Il
907 3687 962 3741 tint
973 3705 1002 3740 sa
1013 3688 1107 3740 coura
1117 3682 1253 3741 Windaur

196 3772 222 3828 le
235 3771 302 3843 jour
316 3769 352 3825 de
367 3769 473 3844 Piques
488 3793 494 3824 ε
508 3773 547 3827 In
563 3792 620 3846 qua
636 3792 765 3844 proceres
782 3775 900 3847 Anglioe
918 3775 1004 3829 simul
1020 3784 1047 3829 et
1066 3772 1253 3830 Normmt'ae

195 3879 258 3916 cum
270 3861 366 3914 timore
377 3866 404 3911 et
416 3867 532 3914 tremore
544 3860 698 3936 affuerunt.
712 3861 811 3918 C'etait
823 3880 859 3916 en
870 3860 934 3917 effet
946 3861 971 3916 la
983 3864 1123 3935 premiere
1135 3862 1190 3918 loia
1198 3874 1253 3937 qut

196 3949 222 4004 le
233 3945 357 4020 leopard‚
369 3945 520 4000 desormais
529 3947 577 4001 sdr
586 3946 621 4003 de
629 3966 657 4003 aa
665 3948 818 4021 puissance,
830 3949 891 4005 leur
902 3950 990 4006 saisait
999 3953 1087 4007 seutir
1095 3968 1138 4007 scs
1150 3946 1250 4025 grifin

192 4036 219 4091 Il
232 4055 249 4107 y
263 4035 336 4089 avait
350 4032 408 4089 loin
420 4033 460 4088 du
473 4045 521 4089 ton
536 4034 606 4090 dont
618 4034 638 4088 il
653 4034 714 4092 leur
729 4054 747 4106 y
760 4035 851 4109 parla,
865 4040 881 4093 a
897 4055 939 4094 ses
951 4038 1108 4096 mielleuses
1120 4049 1151 4095 et
1161 4050 1251 4094 oam-

196 4134 286 4180 santes
298 4122 441 4179 humilitas
453 4121 488 4179 de
500 4122 606 4178 l'anuoe
618 4122 792 4196 precedente.
