2888 4934
170 431 307 507 [mom
325 415 415 502 ms]
497 423 615 486 ornes
634 424 901 487 noooscruos.
1092 383 1120 426 ⁸
1160 429 1225 491 osc
1355 497 1360 503 ,

170 559 379 631 autoritate
392 581 512 629 omnes
524 556 684 642 arasse,
701 557 854 627 Doau'ao
865 553 1078 653 disponente,
1096 584 1222 658 regua·

171 689 242 747 tur·
271 676 360 744 Ecce
386 670 484 743 beato
511 676 617 744 Petro
643 696 841 744 concessum
869 686 921 742 est
947 697 972 742 a
986 671 1071 761 filio
1096 678 1166 746 Dei
1186 692 1224 747 ut

170 792 305 863 ceteris
316 791 563 887 proemineret
587 787 783 885 Apostolis;
805 784 896 858 uude
915 787 1049 885 Cepbas
1069 807 1220 876 vocatur,

170 906 371 1004 qrraoaput
381 905 564 1001 etprimus
576 919 627 974 est
637 906 794 974 omnium
806 899 1072 998 Apostolorum
1085 918 1122 974 et
1132 895 1227 1001 quod

170 1019 211 1091 ia
222 1019 342 1117 capite
352 1019 541 1116 precessit,
559 1021 597 1089 iu
614 1015 777 1088 membris
790 1019 890 1114 sequi
901 1021 1068 1091 convenit.
1088 1021 1176 1110 Quis
1191 1024 1227 1091 ei

171 1117 335 1205 na‘stere
345 1148 474 1231 potest,
493 1135 552 1205 cui
566 1148 666 1204 tauta
677 1148 834 1231 potestm
848 1159 873 1203 a
890 1135 1041 1206 Domino
1062 1159 1224 1207 concessa

170 1247 248 1319 cst?
263 1251 350 1339 Quis
361 1246 467 1319 audet
477 1247 610 1320 solvere
622 1272 723 1347 quem
739 1253 865 1319 Petrus
882 1245 1010 1346 ligavit,
1030 1251 1101 1320 sive
1114 1248 1225 1347 ligare

170 1385 275 1462 quem
298 1364 372 1460 ipse
391 1360 559 1435 obsolvit?
579 1367 703 1462 Igitur,
726 1387 805 1435 cam
830 1363 1068 1435 Cluataceasir
1086 1363 1224 1438 abbatia

170 1473 241 1548 soli
255 1480 365 1574 Papa
384 1475 600 1575 subjiciatur,
624 1493 659 1548 et
679 1477 757 1566 ille,
779 1479 842 1576 qui
854 1478 1079 1577 precipiente
1094 1483 1224 1552 Deoia

170 1592 277 1663 torris
296 1616 404 1689 super
420 1616 541 1664 omnes
557 1608 625 1680 est,
652 1595 766 1690 ipsam
781 1593 1038 1690 patrocinetur,
1063 1597 1224 1665 Rosam

170 1710 361 1780 uctoritas
383 1707 664 1780 Cluniaceasiuru
680 1708 869 1806 privilegia
892 1706 1107 1795 corroborat,
1129 1725 1168 1780 et
1184 1711 1224 1780 ia

170 1822 295 1899 astute
312 1825 383 1892 Dei
394 1821 553 1894 omuibus
569 1821 732 1894 Ecclesia
738 1822 833 1915 filiis
850 1825 1060 1920 imperatae
1073 1824 1151 1921 quis
1164 1847 1223 1894 eos

170 1949 299 2008 temere
306 1938 463 2034 pristina
475 1936 630 2009 libertate
638 1940 766 2034 privet,
783 1960 846 2008 aec
855 1935 1126 2034 poscesstouibus
1137 1938 1222 2009 olim

170 2045 295 2121 habitis
308 2050 445 2147 spoliet,
462 2076 526 2123 aec
542 2050 693 2133 insolitis
706 2049 942 2124 exactionibus
952 2066 1159 2151 pregravet.
1176 2056 1223 2124 Iu
1256 2122 1257 2125 ,

170 2152 256 2262 pace
275 2169 396 2239 amara
410 2164 619 2266 possideant
623 2220 634 2255 ,
660 2182 700 2238 at
718 2168 829 2265 quieti
840 2190 979 2265 semper
999 2169 1129 2240 servire
1145 2170 1222 2240 Deo

196 2396 300 2503 ..Hac
313 2395 476 2472 Jobnnne
492 2396 650 2489 dicente,
672 2395 792 2498 plures
809 2397 999 2497 presulum
1018 2411 1054 2472 et
1069 2397 1221 2471 aliorum

170 2506 232 2609 qni
247 2508 408 2584 confines
422 2510 625 2604 illiserunt,
648 2511 854 2588 tumultuati
873 2526 974 2605 sunt;
999 2537 1066 2586 nec
1085 2537 1127 2585 ea
1142 2536 1221 2610 qua
1303 2581 1305 2585 .
1334 2600 1337 2606 .

170 2643 233 2721 pcr
243 2622 468 2698 Cordinnlern
484 2640 688 2700 constanter
702 2625 798 2700 edita
811 2639 908 2716 sunt,
926 2626 1089 2726 quamvis
1101 2638 1222 2724 aperte

170 2738 412 2814 contradicere
421 2739 639 2837 jussionibus
650 2744 753 2840 Papre
765 2765 840 2814 non
852 2738 1039 2830 auderent,
1053 2761 1222 2812 concessa

170 2866 263 2949 comt.
289 2857 330 2927 ln
355 2854 641 2929 altercationibus
663 2853 845 2927 multiflua
864 2852 1112 2950 jaculabantur
1134 2876 1222 2929 scu-

170 2968 302 3058 tentioe,
322 2967 545 3043 abundanter
567 2982 772 3043 emanantes
792 2966 838 3041 de
853 2968 1034 3067 profundo
1053 2967 1150 3041 sonte
1165 2965 1220 3040 di·

170 3080 249 3156 vitis
269 3085 459 3184 sapientie.
484 3084 556 3158 Sed
578 3085 701 3159 omnia
721 3083 861 3157 concilii
877 3097 975 3182 gesta
989 3106 1131 3182 nequeo
1148 3084 1221 3157 sin-

170 3192 314 3292 gillatim
341 3213 512 3273 retexere.
545 3199 665 3296 Arguti
695 3196 861 3298 sophista
893 3199 942 3275 dc
969 3196 1232 3298 multiplicibus.

170 3308 330 3384 Ecclesia
345 3313 495 3409 negotiis
512 3313 686 3386 subtiliter
701 3300 954 3403 tractaverunt,
972 3327 1009 3388 et
1024 3312 1135 3388 multe
1149 3327 1222 3386 stu·

170 3422 277 3499 dionis
288 3427 509 3500 auditoribus
521 3428 736 3500 documenta
746 3425 945 3502 luculenter
954 3428 1218 3501 intimaverunt.

170 3532 220 3616 lbi
238 3540 411 3614 Girordus
431 3543 725 3640 Engolismensie,
751 3548 843 3616 Heto
860 3544 1095 3631 vivariensis,
1118 3544 1223 3620 uois.

170 3654 287 3728 radus
305 3658 549 3745 Camotensis,
572 3671 608 3729 et
630 3655 838 3730 Guillelmus
860 3657 1157 3754 Cnurlaunensis(
1183 3657 1234 3754 )‚.

200 3959 241 4032 (l)
253 3960 375 4027 Girar‘d,
389 3962 492 4036 ivoque
504 3961 715 4034 d’Angoulieme.
729 3963 769 4019 Co
781 3964 869 4036 pectas
880 3967 951 4021 ettrit
966 3964 1122 4031 Normand,
1136 3963 1224 4034 crigi-

170 4047 244 4102 seire
254 4046 293 4101 du
309 4048 416 4116 Bessin,
433 4048 474 4103 fils
488 4049 553 4103 d'un
567 4049 679 4104 homme
693 4049 728 4105 de
742 4049 885 4107 condition
896 4053 1032 4118 obscure,
1047 4053 1158 4106 nomme
1169 4048 1224 4106 Gi-

170 4132 244 4189 und.
258 4133 284 4190 ll
296 4134 339 4191 lot
351 4136 454 4211 ineque
466 4135 666 4212 d'Angoulinre
678 4156 712 4193 en
724 4141 804 4208 llll,
818 4139 890 4214 ligat
904 4139 944 4197 ile
957 4141 1026 4195 ttoo
1038 4141 1054 4193 b
1065 4142 1148 4209 llll),
1158 4136 1228 4211 jour
