3178 5052
364 433 420 499 tus
633 435 817 498 Htssottts
838 433 1143 500 uccnsstnsttcn.
1208 431 1415 515 [troo-1104]

264 651 267 656 ,
358 576 500 672 specto,
521 572 685 660 *damiam
711 572 800 672 elige
821 571 884 646 tibi
900 571 945 644 de
959 567 1125 668 paudus
1146 565 1308 662 mucra.
1330 573 1416 640 Ecce

361 689 539 787 togatus,
557 683 703 760 luendi
710 688 883 784 praccepta
902 683 1045 772 soboles,
1060 679 1288 772 wuacbrinas
1305 707 1411 770 num,

358 818 411 874 est
423 827 480 876 mc
493 801 614 894 junior
624 815 738 888 atate,
756 799 930 874 excellens
944 807 1131 884 venustate
1141 823 1213 894 pur
1223 795 1411 884 nobilium

358 915 487 994 drino
510 933 547 990 et
566 932 749 1014 potestate.
775 921 879 990 Hunc
898 913 1003 988 laudo
1023 915 1250 989 armarium
1271 911 1411 998 habeus,

358 1047 489 1129 erupto
506 1047 544 1104 ut
561 1057 639 1106 cum
655 1029 775 1108 codem
792 1030 895 1128 longo
910 1045 1065 1130 tempore
1083 1031 1186 1100 vivas.

407 1148 542 1217 Omnes
554 1146 617 1241 qui
632 1143 822 1233 affuerunt,
836 1141 978 1242 providi
990 1142 1091 1216 ducis
1102 1140 1416 1224 consultumattes·

357 1243 543 1332 tati'sunt.
571 1259 731 1332 Prudens
758 1259 859 1356 virgo
886 1273 1071 1335 tantorum
1101 1257 1290 1331 consensui
1316 1256 1415 1333 facile

357 1374 538 1473 adquievit
562 1375 728 1450 heroum.
761 1375 932 1472 Rogerius
958 1375 1064 1472 igitur
1085 1373 1243 1472 puellam
1268 1373 1414 1450 honori-

358 1489 424 1562 fice
440 1515 524 1564 cum
540 1489 671 1586 gaudio
689 1488 937 1588 desponsavit,
962 1505 998 1567 et
1016 1489 1159 1587 nuptias
1181 1512 1265 1562 cum
1281 1488 1416 1586 ingenti

358 1604 483 1702 plausu
502 1619 537 1678 et
552 1603 710 1704 tripudio
727 1605 836 1678 totius
850 1599 1043 1678 dnticchiae
1056 1603 1265 1694 celebravit3
1286 1604 1415 1702 quihus

357 1718 494 1819 dapifer
513 1718 743 1796 Buamuudus
760 1744 844 1794 cum
860 1719 1046 1819 precipuis
1061 1719 1182 1817 patriae
1201 1719 1416 1817 primoribus

357 1836 581 1909 ministravit.
607 1841 677 1908 iste
696 1835 873 1934 siquidem
898 1836 1067 1932 Rogerius
1091 1850 1174 1935 post
1195 1859 1256 1908 sex
1282 1860 1413 1924 annos,

356 1949 568 2039 Buamundo
590 1967 627 2024 et
645 1952 828 2028 Tancredo
852 1953 1046 2041 defuncn,
1072 1953 1273 2051 principatu
1298 1955 1414 2026 Antio

355 2067 443 2144 chiae
459 2067 594 2166 potitus
612 2082 678 2157 est,
694 2083 828 2166 etpost
844 2068 936 2140 duos
950 2092 1066 2142 annos
1081 2070 1118 2140 in
1135 2091 1264 2167 campo
1280 2071 1416 2142 Sarma·

356 2197 417 2258 tan
451 2205 534 2264 cum
566 2207 615 2256 vu
649 2181 806 2257 millibus
833 2183 1117 2256 Christianorum
1148 2182 1194 2255 ab
1226 2183 1415 2280 Amirgazis

358 2303 462 2370 Persa
478 2297 615 2372 ooeisus
633 2311 687 2370 est
707 2297 776 2395 (4).

403 2415 457 2484 De
475 2410 726 2508 temporalium
743 2411 941 2490 mutatione
959 2436 1079 2486 rerum
1095 2427 1131 2484 et
1147 2412 1286 2486 casibus
1296 2413 1414 2486 homi-

356 2553 443 2602 uum
455 2530 530 2626 jam
547 2530 621 2602 dixi
637 2531 802 2629 plurima,
822 2546 858 2604 et
875 2530 1000 2622 multa,
1020 2533 1051 2604 si
1068 2533 1140 2604 vita
1156 2557 1278 2604 comes
1295 2531 1413 2619 suerit,

353 2646 391 2720 in
416 2646 646 2746 sequentibus
670 2647 787 2722 adhuc
811 2661 947 2723 restant
968 2647 1134 2722 dicenda.
1163 2650 1229 2722 Hic
1252 2647 1342 2720 liber
1361 2646 1416 2744 (⁶2)

354 2761 605 2836 Ecclesiasticus
626 2763 787 2836 Historiae
809 2763 1035 2854 terminatur,
1063 2777 1099 2836 et
1121 2763 1211 2836 mihi
1222 2764 1299 2860 jam
1321 2762 1415 2835 sesso

356 2879 495 2976 requies
513 2878 731 2978 aliquantula
747 2875 869 2951 deturl

389 3159 430 3227 (4)
444 3155 547 3230 noges,
562 3159 603 3214 sds
618 3160 653 3216 de
667 3160 792 3217 Richard
805 3159 878 3216 dela
891 3161 1084 3235 principante,
1105 3159 1235 3222 succdda,
1255 3177 1311 3215 non
1334 3177 1382 3232 pas
1400 3163 1416 3214 i

354 3244 510 3314 Boeotum,
525 3249 593 3302 mais
602 3251 618 3304 i
627 3249 780 3320 Tancrede
795 3248 864 3304 daus
875 3267 917 3305 ses
929 3249 1005 3304 viiles
1020 3249 1055 3304 de
1068 3247 1201 3304 Laodicea
1214 3245 1414 3320 etd'Apamde,

354 3344 382 3390 et
395 3333 464 3390 dans
480 3335 506 3390 la
520 3337 618 3394 tutelis
630 3337 669 3394 du
684 3339 770 3411 janne
785 3341 881 3413 prince
894 3338 1071 3406 d’Autioche‚
1085 3357 1120 3393 au
1136 3337 1207 3394 mois
1219 3337 1255 3392 de
1268 3335 1416 3395 decembre

354 3430 366 3480 4
372 3429 401 3481 44
407 3429 440 3492 2;
462 3425 562 3499 puisi!
582 3428 656 3500 perit
668 3427 737 3484 dans
752 3448 807 3484 une
827 3425 938 3483 bataille
957 3426 1196 3500 imprudemment
1214 3426 1299 3481 livide
1313 3443 1364 3500 par
1377 3425 1416 3479 tui

354 3531 407 3568 trux
429 3513 602 3570 Musulmans
621 3534 656 3570 en
676 3518 755 3574 4449.
780 3519 817 3573 Le
839 3515 906 3572 chef
924 3515 960 3570 de
981 3516 1095 3571 ceux-ci
1115 3534 1150 3570 ne
1172 3511 1314 3589 s’appelait
1336 3513 1417 3586 point

354 3601 518 3674 Amirgazis‚
539 3605 609 3658 mais
620 3590 735 3671 Yscmi,
756 3604 797 3660 fils
815 3603 951 3674 d'Ortok‚
967 3602 1058 3658 sultan
1070 3603 1106 3658 de
1123 3602 1244 3660 Maridiu
1261 3611 1291 3657 et
1303 3599 1413 3674 d'Aiep.

354 3687 391 3745 1ae
410 3699 506 3746 retour
519 3689 554 3748 de
567 3691 709 3748 Bo'e’moud
724 3695 739 3748 a
756 3693 911 3763 Antioche,
930 3692 1035 3768 quoties
1053 3689 1137 3767 qn'eu
1151 3693 1227 3750 aient
1243 3709 1282 3765 pu
1297 3691 1358 3746 due
1376 3689 1416 3744 ias

354 3777 564 3848 circonstancer‚
579 3790 627 3835 eut
638 3779 696 3836 lieu
708 3798 743 3837 en
757 3781 837 3838 4404.

389 3867 428 3937 (2)
444 3865 468 3920 ΙΙ
479 3885 497 3939 y
510 3887 524 3922 a
538 3869 573 3923 ici
587 3867 655 3924 dans
667 3867 694 3924 le
708 3867 861 3924 manuscrit
873 3866 993 3942 original
1009 3885 1048 3922 un
1064 3885 1161 3941 espace
1176 3865 1239 3922 vide
1252 3867 1302 3940 qni
1317 3865 1360 3920 n'a
1371 3866 1415 3937 ja-

354 3953 423 4009 mnis
434 3955 479 4009 ete
492 3956 606 4030 templi,
620 3957 710 4032 etqui
724 3957 792 4012 tuit
805 3953 981 4011 visiblement
993 3954 1101 4012 destiud
1114 3957 1129 4008 i
1143 3954 1266 4010 receuoir
1279 3953 1304 4007 le
1317 3952 1415 4008 chiffrc

353 4041 391 4097 dn
405 4043 493 4098 Liare.
