2888 4934
196 421 301 498 [1101]
554 414 672 477 arana
692 416 878 476 uastatos.
1191 421 1250 482 115

196 548 433 620 admiratione
461 547 725 644 spectantibus,
756 547 990 620 decreverunt
1018 547 1117 646 quod
1147 573 1247 638 sese,

197 677 235 735 nt
246 662 354 735 decet
371 663 513 750 naues,
531 662 685 735 invicem
703 662 932 760 adjuvarent,
951 679 987 736 et
1005 665 1125 736 omnia
1141 666 1251 764 patris

195 778 248 850 sni
271 776 433 848 dominia
456 793 695 869 resumerent,
722 779 958 875 scelestosque
982 778 1096 852 litium
1118 795 1252 853 satores

196 895 327 992 pariter
340 894 507 991 utrinqne
520 893 701 992 punirent.

242 1015 335 1084 Pnoe
344 1011 464 1109 itaque
473 1012 575 1101 facta,
589 1010 916 1111 confirsioperfidos
925 1013 1077 1112 operuit,
1092 1027 1128 1084 et
1139 1013 1254 1112 despi-

194 1126 327 1200 oabilea
340 1126 409 1199 illis
423 1129 528 1200 etiam
541 1126 672 1224 quibus
681 1128 803 1225 inique
812 1126 944 1200 adulati
953 1128 1105 1217 fuerant,
1121 1126 1250 1217 effecit,

194 1240 1253 1340 etinglorios‚metuquepallentesalacieregislatitareoom·

195 1357 285 1455 pulit
298 1357 366 1454 (l).
385 1359 536 1429 Sincerae
553 1383 638 1429 vero
652 1357 774 1457 plebes
790 1373 825 1430 et
837 1359 939 1454 justis
954 1357 1137 1431 laboribus
1154 1360 1254 1432 insis-

195 1485 310 1566 tentes
323 1473 582 1561 exultaverunt,
598 1489 634 1545 et
643 1488 864 1546 armatorum
875 1475 993 1564 cunei,
1006 1473 1150 1547 licentia
1163 1475 1254 1571 regis

194 1601 354 1687 aoeepta,
374 1587 537 1660 dissoluti
553 1602 649 1678 snut,
669 1588 934 1686 gaudentesque
950 1588 997 1661 ad
1013 1613 1078 1660 sua
1091 1603 1183 1661 tecta
1198 1614 1253 1661 re·

196 1719 417 1778 meaverunt.
426 1704 546 1776 Totius
553 1704 711 1777 atbionis
721 1730 884 1803 regnum,
898 1704 1148 1804 tranquillitate
1157 1707 1253 1804 pacis

194 1821 406 1919 tripudians,
414 1820 521 1911 siluit,
530 1823 810 1912 etEeclesiaDei,
818 1822 1251 1920 diuturnaquietevigens‚

194 1933 403 2033 tivimlege
412 1936 605 2035 splenduit,
615 1943 764 2036 Deoque
773 1962 895 2010 secura
904 1939 981 2010 sine
990 1936 1192 2037 praeliorum
1201 1955 1255 2011 tn·

194 2052 310 2126 tnnltu
330 2052 502 2126 militavit.
522 2055 722 2127 Narrationi
744 2067 874 2126 nostrae
894 2053 1084 2153 perhibent
1108 2054 1254 2129 evidens

193 2169 440 2241 testimonium
461 2192 564 2241 novae
585 2169 755 2260 basiliere,
777 2185 813 2242 et
830 2169 942 2242 multa
964 2171 1119 2243 oratoria
1138 2196 1254 2270 nuper

193 2285 342 2359 eondita
354 2287 531 2385 pervices
546 2287 688 2385 anglie,
701 2301 738 2360 et
746 2310 899 2386 operosa
906 2285 1059 2360 clanstro
1070 2286 1255 2360 ooenobio·

193 2422 288 2517 μ,
304 2424 390 2473 oum
406 2401 482 2474 aliis
495 2401 648 2474 officinis
663 2401 939 2493 monachorum,
956 2426 1037 2500 quae
1051 2416 1255 2475 constructa

192 2529 278 2607 aput
295 2516 441 2589 Henriei
462 2517 555 2614 regis
572 2531 747 2616 tempore.
768 2519 896 2590 Omnis
918 2519 1017 2591 enim
1041 2517 1134 2589 ordo
1160 2517 1254 2590 Reli-

192 2632 400 2728 purorum,
427 2656 515 2732 paee
541 2631 662 2706 fruens
686 2647 721 2705 et
742 2635 998 2734 prosperitate,
1027 2635 1064 2704 in
1086 2633 1254 2705 omnibus

194 2772 274 2847 quae
295 2746 344 2822 ad
366 2747 500 2821 cultum
522 2750 667 2821 Deitatis
689 2751 869 2849 pertinent
885 2749 1250 2848 omnipotentissime,

195 2863 290 2939 intua
314 2879 351 2937 et
373 2865 525 2937 exterius
545 2888 648 2935 sunm
674 2864 893 2962 diligentiam
920 2865 1046 2962 satagit
1071 2860 1251 2936 exhibere.

197 2976 300 3049 Unde
318 2978 451 3077 templa
463 2978 664 3076 domosque
681 2979 819 3051 fervens
833 2976 993 3051 fidelium
1007 2977 1151 3051 devotio
1166 3000 1254 3076 prm·

196 3092 568 3279 mmmmm,
588 3091 784 3191 eademqne
801 3092 1023 3165 melioranda
1044 3088 1253 3165 renovando

197 3204 207 3221 ⁸
297 3216 300 3221 '
327 3257 337 3276 .
366 3208 482 3279 Prisca
507 3232 590 3304 ergo
616 3206 784 3299 aedificia,
816 3231 894 3303 quae
923 3206 990 3278 snb
1016 3205 1171 3304 Edgaro,
1197 3202 1254 3276 vel

197 3294 380 3412 Eduardo,
398 3322 547 3420 aliisque
559 3323 758 3396 christianis
775 3322 916 3418 regibus
928 3337 1132 3394 constructa
1149 3333 1250 3407 sunt,

228 3458 255 3497 „
274 3464 277 3469 .

214 3614 268 3687 ’(4)
285 3614 315 3670 Si
334 3631 407 3669 nous
423 3632 458 3668 en
475 3616 603 3687 croyiona
618 3613 657 3669 lea
674 3613 787 3668 annales
801 3612 837 3667 de
853 3613 959 3686 l'eglise
979 3612 1014 3667 de
1033 3613 1177 3681 Durharn,
1196 3611 1254 3666 lle-

198 3700 273 3759 adie
287 3703 380 3758 anrait
391 3701 492 3777 prolite
506 3703 542 3758 de
558 3701 710 3758 l’entrerne
723 3701 772 3757 dea
787 3701 862 3759 deux
877 3701 987 3775 prinoes
1005 3720 1078 3774 pour
1095 3713 1205 3759 renuet·
1219 3719 1253 3755 eu

199 3790 278 3863 μω
288 3792 392 3866 rupree
402 3789 443 3847 du
454 3791 497 3846 roi
511 3788 703 3864 d’Anghterre
715 3799 744 3844 et
755 3806 904 3844 reeonrrer
913 3807 963 3843 aon
976 3789 1086 3844 ereche.
1101 3789 1173 3843 Mais
1182 3797 1255 3842 cette

198 3879 304 3943 uin
316 3896 354 3935 ne
365 3888 437 3953 peut
453 3895 482 3934 ae
495 3879 621 3934 sontenir
631 3895 666 3931 en
679 3879 811 3951 presence
825 3875 873 3931 des
888 3876 951 3931 taio
965 3876 1014 3950 qui
1028 3885 1094 3929 vont
1107 3875 1211 3941 mirre,
1226 3884 1255 3928 et

194 4020 197 4025 .
236 3966 244 3981 ⁶
383 3977 396 4022 t
409 3965 493 4022 d'nne
506 3963 841 4021 meniere-inconteatable
853 3982 908 4038 qne
919 3964 945 4019 le
958 3964 1048 4037 prelat
1060 3981 1096 4017 ne
1109 3964 1141 4017 tit
1151 3982 1179 4017 sa
1192 3963 1254 4036 paix

383 4054 468 4129 qn'en
480 4052 521 4108 lni
534 4053 635 4109 livrant
647 4051 672 4106 la
685 4051 749 4107 ville
764 4051 801 4107 de
817 4052 936 4118 Heleni,
955 4052 1035 4124 apres
1049 4050 1073 4103 la
1092 4049 1203 4104 bataille
1219 4048 1253 4101 dr

191 4122 376 4199 Mun.
