3140 5076
148 513 257 594 [4109]
491 509 609 572 LIBER
630 509 870 572 UNDECIMUS.
1148 513 1207 574 997

150 645 225 716 rius
245 666 390 742 quoque
409 641 502 716 lilius
520 643 658 717 Ricardi
676 644 751 742 (4),
770 641 899 740 aliique
915 638 1035 738 plnres
1055 664 1097 712 es
1118 645 1209 714 Nor·

151 759 293 831 mannis
307 759 466 832 comitati
481 773 577 849 sunt,
596 773 633 836 et
644 758 815 859 perhanc
827 755 994 857 copulam
1006 759 1208 828 Romanum

150 874 289 972 apicem
303 875 545 948 conscendere
559 887 786 974 putaverunt,
802 887 908 974 atque
919 871 1106 969 dignitates
1117 872 1210 969 opti·

150 1005 289 1062 matum
302 989 449 1062 andacia
464 1013 526 1063 seu
542 989 678 1063 feritate
693 1013 757 1062 sua
770 987 838 1061 sibi
853 985 1046 1085 aliquando
1061 985 1210 1084 adipisci

149 1106 352 1203 cupierunt.
370 1105 427 1178 Sic
443 1105 615 1182 nimirum
631 1119 870 1178 antecessores
887 1127 1013 1176 eornm
1029 1102 1065 1175 in
1086 1101 1209 1198 Anglia

148 1244 218 1320 per
229 1225 405 1312 Emmam,
421 1222 562 1295 Ricardi
574 1222 675 1295 ducis
687 1219 809 1309 filiam,
824 1221 999 1296 dominati
1012 1233 1108 1310 sunt,
1125 1234 1161 1292 et
1173 1220 1209 1290 in

151 1338 280 1438 Apulia
294 1363 360 1438 per
375 1338 663 1437 sichelgaudam,
683 1337 907 1412 Gnaimalcbi
921 1338 1021 1410 ducis
1040 1335 1212 1408 Psalerni-

149 1455 228 1526 tani
241 1453 349 1528 lilium
362 1453 428 1553 (2),
442 1480 550 1556 super
562 1455 736 1552 genuinos
748 1454 899 1527 heredes
913 1453 1113 1525 inruerunt.
1132 1457 1213 1524 llaec

148 1569 329 1665 siquidem
345 1570 441 1642 vasen
458 1575 669 1669 imperator,
688 1570 749 1669 qui
765 1570 869 1669 plura
888 1565 1128 1669 perscrutatus
1144 1582 1210 1657 est,

149 1686 314 1781 agnovit,
333 1700 369 1757 et
385 1683 599 1782 alienigenas
620 1685 771 1758 indebiti
791 1685 900 1757 iustus
916 1684 1045 1757 cervici
1061 1707 1132 1754 snae
1147 1683 1214 1754 im·

148 1822 290 1896 ponere
302 1800 480 1897 praecavit.
495 1800 598 1874 Unde
615 1799 781 1874 consultu
794 1803 1059 1872 Germanorum
1071 1821 1211 1887 omnes,

149 1912 244 1985 datis
260 1913 488 2002 muneribus,
507 1915 553 1988 ad
569 1917 714 2014 propriu
730 1916 877 1987 remisit.

193 2031 350 2099 XXXIX.
361 2033 401 2101 ln
409 2029 471 2102 illo
478 2044 641 2129 tempore
648 2031 890 2127 migraverunt
899 2028 1020 2129 plures
1028 2029 1215 2102 sanctitate

148 2158 188 2218 et
201 2145 375 2243 sapientia
387 2147 556 2244 praecipui
575 2147 741 2220 doctores
758 2145 987 2220 ecclesiarum
1003 2173 1011 2216 ε
1029 2143 1215 2217 hnselmus

148 2258 283 2332 scilicet
309 2260 598 2360 archiepiscopus
622 2263 913 2352 Cantuariorum,
943 2275 979 2334 et
1004 2259 1215 2333 Guillelmus

148 2373 441 2475 archiepiscopus
464 2378 797 2474 Rotomagensium‚
826 2375 1116 2474 venerabilesque
1138 2397 1216 2446 coe·

149 2488 347 2564 nobiorum
360 2506 517 2566 rectores
534 2521 543 2564 :
560 2498 663 2592 Hugo
681 2493 791 2568 abbas
807 2494 1065 2585 Cluniucensis,
1085 2495 1216 2564 Gerun-

147 2606 224 2678 sins
246 2607 483 2698 Redonensis,
501 2625 538 2682 et
552 2611 763 2685 Guillelmus
780 2612 1030 2686 cormeliensis
1048 2610 1122 2707 (3),
1142 2608 1217 2680 alii-

148 2745 224 2818 que
238 2720 358 2820 plures
374 2722 420 2796 de
436 2723 505 2797 hac
520 2723 599 2798 luce
615 2727 786 2799 subtracti
802 2742 897 2800 sunt.
917 2730 1082 2812 Quorum
1099 2722 1217 2796 felices

148 2836 298 2928 animae,
324 2853 364 2911 ut
383 2839 460 2912 sine
482 2838 594 2911 dubio
617 2840 814 2930 credimus,
839 2842 876 2912 in
898 2863 1008 2914 manu
1029 2838 1096 2909 Dei
1117 2851 1213 2909 sunt.

148 2956 222 3024 Pro
245 2967 426 3027 tantorum
452 2956 571 3054 itaque
594 2957 746 3030 transitu
771 2957 951 3029 baronum
974 2954 1117 3027 videtur
1140 2955 1215 3052 ipse

148 3067 309 3142 mundus
321 3069 455 3167 lugere,
471 3096 641 3168 agrorum
652 3085 688 3144 et
700 3072 888 3144 vinearum
899 3085 1026 3167 negata
1038 3068 1212 3142 ubertate.

148 3369 296 3428 Bnrehard
307 3374 356 3448 qni
368 3373 437 3430 etait
448 3373 554 3449 eveque
565 3373 601 3429 de
612 3373 743 3432 cambrai
753 3391 789 3429 en
801 3375 882 3442 4409,
892 3373 962 3428 mais
974 3373 1039 3429 bien
1052 3391 1102 3428 son
1115 3369 1217 3445 prede-

148 3475 260 3515 cessenr
277 3484 283 3514 ι
302 3459 328 3517 le
347 3461 541 3518 bienhenrenx
564 3461 650 3520 Odon
673 3479 711 3518 on
733 3460 866 3530 Odoard‚
891 3461 1044 3536 originsire
1067 3459 1217 3518 d’Orleans

147 3545 256 3618 (juillet
268 3551 390 3608 4408-49
399 3551 464 3624 jnin
477 3555 579 3624 4440).

183 3633 224 3707 (4)
243 3635 338 3710 hoger
358 3637 394 3694 de
412 3637 548 3696 Rienlaite
566 3656 603 3695 on
622 3638 659 3694 de
678 3639 775 3712 Clare,
790 3639 839 3715 qni
855 3638 899 3696 lut
915 3638 979 3714 plus
994 3637 1056 3694 tard
1072 3646 1164 3693 comte
1181 3634 1216 3690 de

148 3721 297 3779 Hertlord.

183 3811 225 3880 (2)
242 3811 368 3870 Secunde
379 3813 481 3872 lemme
492 3814 529 3872 de
542 3814 651 3872 Robert
664 3814 815 3872 Gniscard.

181 3901 223 3970 (3)
241 3898 372 3974 Gerrais,
390 3902 462 3960 abbe
479 3904 514 3960 de
530 3903 765 3976 δύαι-1141443043
779 3903 815 3960 de
829 3903 956 3972 Renum,
973 3912 1088 3958 mourut
1099 3919 1135 3958 en
1150 3899 1218 3956 ellat

147 4003 184 4041 en
196 3989 279 4045 4409.
294 3989 317 4044 Il
329 3991 402 4046 avait
411 3993 457 4048 ete
468 3992 562 4048 moine
574 3990 610 4047 de
626 3989 838 4048 saint-Floreat
856 3992 891 4050 de
909 3993 1032 4050 Sanmur
1043 4005 1152 4045 comme
1166 4003 1216 4044 son

149 4074 346 4146 prede'oessenr
356 4077 446 4151 Eren,
458 4079 631 4155 archeveqne
642 4079 678 4135 de
689 4079 757 4148 Dol,
773 4091 848 4137 mort
860 4079 887 4136 le
899 4085 938 4142 90
950 4077 1108 4154 septembre
1121 4079 1202 4133 4084.

184 4162 360 4232 Guillaume‚
379 4165 451 4222 abbe
466 4166 502 4223 de
519 4167 682 4224 Corineilles
697 4171 751 4240 (27
762 4167 856 4240 juillet
876 4169 972 4241 4409).
992 4167 1101 4238 Voyets
1120 4181 1169 4220 ⁸¹¹¹·
1184 4181 1216 4216 ⁶²

149 4269 331 4326 personnage‚
346 4253 486 4310 illisione
499 4257 622 4312 litabant
632 4256 668 4314 de
679 4257 801 4326 Fronce,
817 4268 838 4314 t.
852 4257 902 4324 tx,
917 4278 944 4329 p.
960 4259 1006 4313 494
1025 4264 1052 4309 et
1065 4253 1213 4309 solventes.
