3178 5052
354 456 411 516 180
618 453 801 512 HISTORIA
826 451 1130 514 Ecctnstasrtct.
1303 453 1411 530 [1102]

350 587 483 660 tribuni
506 587 724 684 copinssnas
749 587 959 674 amiserunt,
980 584 1199 683 perditisque
1225 584 1413 658 clientibus

350 701 500 789 dilectis,
518 701 719 801 opibusque
738 701 823 789 suis,
843 702 879 772 in
895 699 1058 772 barbarie
1073 724 1162 773 saeva
1177 701 1282 772 nimis
1305 699 1412 772 deso-

350 818 412 892 lati
436 833 530 890 sunt.
559 818 765 889 Constantia
787 831 906 888 tamen
926 841 1017 888 verae
1036 814 1119 888 fidei
1147 831 1183 888 et
1202 839 1326 887 amore
1349 814 1411 886 be-

348 935 444 1032 nigni
471 938 551 1004 Jesu
576 933 739 1015 recreati,
770 933 816 1006 ad
843 947 1117 1005 monumentum
1142 934 1219 1029 ejus
1245 957 1412 1005 cucurre-

349 1063 443 1137 runt,
455 1062 503 1136 et,
518 1048 693 1144 quamvis,
705 1047 847 1120 occulto
853 1049 919 1120 Dei
926 1048 1075 1144 judicio,
1086 1046 1308 1120 multimodis
1317 1046 1411 1118 disfi-

348 1161 537 1236 cultatibus
563 1145 680 1235 essent
704 1162 891 1253 retardati,
920 1162 1092 1260 spirituali
1120 1179 1240 1236 tamen
1269 1178 1411 1235 nectare

348 1280 559 1358 intrinsecus
577 1280 785 1368 confortati,-
813 1297 933 1352 sanctn
959 1280 1036 1352 loca
1057 1280 1169 1354 risere
1192 1279 1412 1353 omnimodis

347 1411 430 1468 sunt
446 1396 583 1482 conati,
602 1410 641 1466 ut
656 1410 860 1467 sanctorum
876 1410 1071 1491 martyrum
1087 1410 1273 1468 consortes
1286 1395 1412 1467 fierent

347 1512 535 1600 cruentati,
550 1511 625 1607 qui,
645 1511 757 1582 essnso
770 1513 941 1608 sanguine
960 1536 1026 1610 pro
1041 1510 1196 1600 Christo,
1210 1509 1356 1583 feliciter
1374 1512 1410 1584 in

348 1626 445 1698 coelis
463 1625 618 1724 gaudent
636 1625 795 1699 laureati.

394 1747 457 1812 XX
469 1740 498 1840 [t
508 1743 613 1814 0994
627 1739 720 1839 100].
736 1740 974 1832 Godesredus,
987 1767 1047 1814 rex
1056 1740 1258 1831 ierusalem,
1269 1741 1412 1814 duobus

353 1858 455 1928 arinis
465 1856 624 1953 regnavit
636 1860 667 1952 (t
678 1855 705 1952 )‚
718 1857 798 1928 etin
808 1858 997 1955 procinctu
1006 1855 1134 1928 bellico
1146 1880 1238 1954 pene
1249 1856 1412 1928 assiduus

347 1987 472 2046 contra
483 1971 677 2044 Philistaeos
688 1972 859 2060 constitit,
879 1973 1084 2068 ingentique
1095 1970 1273 2067 probitate
1287 1972 1409 2056 fretus,

348 2087 446 2184 regni
462 2085 552 2157 fines
574 2085 746 2157 dilatarit.
770 2085 948 2183 indigente
969 2085 1126 2158 Gentiles
1151 2087 1188 2157 in
1206 2083 1355 2158 urbibus
1377 2102 1413 2158 et

348 2202 434 2273 vicis
445 2199 572 2272 dolose
583 2199 826 2296 quiescebant,
843 2226 910 2274 nec
923 2215 1047 2272 contra
1061 2200 1280 2273 Christianos
1294 2201 1413 2300 palam

347 2316 476 2387 mutire
504 2314 697 2390 audebant.
729 2318 843 2388 Moesti
873 2332 992 2390 tamen
1023 2316 1156 2388 malum
1185 2317 1234 2389 eis
1260 2316 1413 2390 subdole

347 2427 655 2518 machinabantur,
679 2445 717 2531 et⁸
735 2444 875 2529 tempus
893 2430 1026 2504 adhoc
1044 2431 1286 2529 peragendum
1303 2433 1412 2504 versi·

346 2545 456 2645 pelles
477 2544 787 2644 praestolabantur.
808 2547 972 2643 Denique
990 2548 1085 2619 cives
1105 2552 1221 2646 Joppe
1241 2546 1414 2619 Godeire·

346 2661 433 2734 dum
452 2686 592 2760 regern,
609 2661 697 2733 dum
712 2661 760 2733 ibi
778 2678 955 2751 maneret,
972 2687 1112 2734 veneno
1127 2660 1329 2735 infecerunt
1340 2661 1410 2757 (2),

346 2779 468 2874 sicque
475 2776 671 2874 gloriosum
682 2777 882 2875 principem
890 2801 973 2849 curn
985 2778 1118 2874 ingenti
1128 2777 1412 2849 Christianorum

345 2892 442 2965 luctu
458 2907 702 2991 peremerunt.
723 2893 788 2964 Hic
806 2893 943 2990 primus
956 2892 1257 2980 Christianorum,
1277 2917 1319 2962 ex
1337 2917 1413 2988 quo

346 3007 505 3080 Salvator
520 3009 558 3078 in
575 3005 766 3079 ierusalem
777 3031 843 3104 pro
860 3006 966 3079 nobis
975 3031 1099 3105 passus
1111 3022 1177 3097 est,
1192 3006 1254 3095 ibi,
1273 3005 1319 3078 ad
1336 3005 1411 3076 lau-

346 3122 431 3194 dern
447 3122 523 3217 ejus
535 3124 599 3219 qui
611 3119 734 3220 spinea
751 3138 888 3221 gestare
906 3137 998 3196 serta
1013 3147 1081 3221 pro
1098 3121 1209 3195 salute
1223 3122 1412 3194 bominum

346 3235 599 3333 dignatusest,
619 3237 785 3310 diadema
803 3239 894 3310 ferre
911 3237 983 3334 (3),
1004 3251 1040 3310 et
1056 3263 1118 3310 rex
1136 3237 1327 3311 ierusalem
1343 3263 1413 3338 pro

383 3559 422 3629 (t)
440 3558 622 3614 C’est-idire
634 3558 788 3614 seulement
800 3558 899 3632 depuis
912 3558 938 3614 le
950 3561 1056 3631 2bjuin
1071 3562 1139 3616 1099
1150 3557 1280 3632 jnsqn'an
1296 3559 1410 3632 ttjutt-

349 3648 386 3704 iet
398 3653 478 3706 1100.

383 3737 422 3806 (2)
439 3736 694 3808 Cetteimpntation
708 3745 749 3790 est
763 3735 957 3807 parsaitement
970 3737 1090 3807 gratuite
1105 3757 1110 3787 ι
1124 3733 1260 3789 Godesroi
1270 3735 1339 3789 e'tait
1352 3753 1414 3808 gre·

348 3833 458 3879 vernent
470 3823 570 3882 atteint
582 3821 679 3877 deson
692 3821 747 3876 mai
759 3831 840 3878 avant
850 3823 983 3880 d'arriver
995 3823 1118 3896 ‘aJoppe‚
1131 3833 1160 3878 et
1178 3842 1213 3879 ne
1228 3825 1340 3896 pourait
1350 3823 1413 3895 <teja

353 3911 414 3986 plus
427 3929 455 3968 te
468 3911 594 3966 eontenir
607 3913 623 3964 1
635 3909 740 3967 oberei.

383 4003 424 4076 (3)
440 4005 529 4059 Antue
541 4019 639 4057 errenr
652 4026 657 4054 :
669 3998 807 4057 Godetroi
820 4000 910 4056 refusa
923 4001 1128 4073 expressement
1141 3999 1176 4054 de
1188 3998 1309 4073 prendre
1322 4001 1376 4056 soit
1386 3999 1412 4052 t·

351 4093 416 4148 titre
429 4090 465 4146 de
478 4091 522 4145 roi
536 4089 571 4145 de
584 4089 611 4145 la
623 4089 687 4145 rifle
699 4091 737 4145 ob
750 4089 776 4145 le
789 4089 912 4146 Sauveur
923 4089 973 4144 des
986 4089 1114 4144 hommes
1125 4089 1198 4143 avait
1211 4091 1292 4161 porte
1306 4088 1331 4143 la
1343 4107 1412 4144 con-

352 4197 440 4236 rnune
453 4177 591 4251 deputet,
606 4179 660 4234 soit
672 4187 750 4233 tonte
763 4179 860 4250 espbce
874 4176 1026 4248 d'insignea
1039 4175 1075 4232 de
1087 4175 1112 4232 la
1126 4175 1235 4250 dignite
1247 4176 1350 4248 royate.
