2888 4934
206 435 266 498 lbi
479 434 662 495 utstottts
685 434 987 501 EchEsttsttet.
1152 437 1253 517 [1123]

207 570 346 653 utensis,
368 566 604 664 plurimorum
625 569 768 666 insuper
788 568 969 656 abbamrn,
988 585 1024 640 et
1040 567 1251 640 diversorum

203 682 429 754 ecclesiastici
441 680 576 753 ordinis
590 683 755 769 uirorum,
778 700 928 755 mtrem
942 682 1097 781 supplex
1110 681 1254 780 deposco

202 797 424 869 clenunniim
436 812 620 897 quatenus,
636 800 708 868 mei
721 797 934 886 miserendo,
954 823 1059 898 quem
1071 799 1250 886 lacuna,

201 912 557 1012 quantulunuumque
582 911 678 999 lt‘cet,
709 938 766 985 vos
790 913 955 986 dilexuse
973 912 1173 1012 probastis,
1201 939 1253 985 me

200 1027 327 1099 anmdo
344 1027 505 1099 inutilem
523 1045 559 1099 et
576 1030 695 1099 minus
711 1026 875 1101 idoneum
889 1055 913 1099 a
931 1045 1031 1101 tanto
1044 1053 1157 1101 onere
1173 1027 1252 1100 lihe-

200 1169 280 1216 rurn
301 1143 473 1231 reddatis,
498 1160 533 1215 et
546 1143 658 1243 juxta
679 1143 770 1214 uobis
789 1170 813 1214 a
831 1149 906 1216 Deo
924 1143 1095 1216 donatam
1114 1146 1253 1240 sapten-

200 1263 286 1332 tiam
303 1286 496 1361 congruum
513 1277 551 1332 et
564 1259 726 1335 idonewn
741 1277 922 1358 pasmrem
941 1259 1064 1332 domui
1082 1262 1157 1332 Dei
1168 1285 1251 1356 pro·

199 1373 355 1447 videatis.
390 1381 537 1463 Verum,
571 1401 615 1447 ne
639 1391 818 1475 praetenue
846 1375 970 1447 taluun
1003 1374 1124 1447 videar
1155 1377 1254 1474 quast

198 1488 448 1563 indomitorum
469 1490 601 1563 rabiem
617 1494 774 1590 propriso
795 1493 930 1589 requiei
936 1489 1159 1589 prandendo
1175 1489 1251 1561 sub·

197 1605 387 1706 tersugere,
412 1633 534 1680 eorum
554 1611 699 1680 caritati
713 1624 750 1678 et
763 1605 966 1679 obedient&
982 1623 1020 1678 et
1032 1606 1254 1704 simplicitati

197 1725 433 1796 testimonium
448 1749 571 1796 coram
583 1730 657 1795 Deo
670 1723 837 1821 perhibeo
841 1754 856 1811 ;
872 1725 1003 1823 quippe
1022 1726 1097 1820 qui,
1115 1738 1154 1793 et
1168 1721 1250 1793 laete

194 1853 229 1906 et
238 1837 351 1909 solido
362 1838 437 1910 cibo
447 1838 671 1910 abundanter
680 1838 841 1910 uberibus
857 1841 984 1910 matris
996 1837 1166 1909 Ecclesia
1175 1834 1250 1908 edu·

194 1955 276 2038 cati,
289 1952 469 2025 adomnia
482 1956 561 2042 Dei,
573 1957 758 2052 patrisque
765 1953 964 2052 spiritualis
973 1951 1149 2023 mandata
1165 1969 1249 2023 trac-

196 2065 318 2138 labiles
329 2070 566 2156 inveruuntur,
582 2087 619 2141 et
632 2067 830 2142 obedienter
835 2069 991 2166 pacifici.
1008 2067 1147 2156 Solam,
1164 2092 1249 2164 pru

193 2181 438 2257 callentissirne
471 2210 554 2271 ren,
594 2184 841 2257 imbecillitatis
877 2200 914 2255 et
946 2186 1139 2254 seruauit&
1172 2206 1249 2253 mea

193 2299 373 2369 misertum
387 2317 423 2370 et
437 2299 753 2396 impossibilitatem
769 2323 959 2397 opponens,
977 2296 1150 2394 supplico.
1159 2293 1250 2368 neid

193 2409 336 2507 efficere
353 2411 546 2510 differatis,
569 2413 679 2487 orans
693 2415 835 2501 obnixe,
856 2411 1117 2512 quantumlibet
1124 2434 1245 2509 pecca·

195 2543 261 2613 tor,
281 2534 408 2629 Regem
425 2556 548 2630 regum
564 2548 737 2629 quatenus
751 2530 802 2601 ad
816 2531 879 2602 noc
892 2532 1008 2627 ipsum
1025 2527 1122 2600 vobis
1134 2550 1246 2624 ooope-

195 2645 274 2713 rari
287 2641 464 2742 dignabar.
487 2645 624 2716 Valete.

241 2759 430 2830 Benivolus
441 2761 563 2859 utique
576 2787 649 2852 rex,
664 2761 843 2833 debilitate
860 2760 1026 2860 simplicis
1042 2773 1080 2830 et
1098 2755 1245 2854 religiosi

191 2871 284 2942 senis
297 2871 431 2963 audita,
445 2875 642 2964 condoluit,
658 2890 692 2947 et
703 2875 842 2948 directis
855 2875 1026 2976 apicibus,
1042 2888 1083 2945 ut
1094 2872 1243 2958 bonum,

190 2984 327 3082 sibique
343 3003 605 3085 competentem
622 2990 790 3086 eligerent
803 2990 981 3078 abbatem,
1000 2988 1109 3060 coetui
1127 3007 1245 3057 mona·

190 3099 342 3174 chorum
365 3104 560 3201 imperavit.
587 3108 722 3201 legatis
742 3107 862 3203 itaque
882 3104 1049 3190 reversis,
1074 3128 1158 3173 uxv1
1176 3124 1246 3172 mo-

190 3213 294 3284 nachi
318 3215 355 3285 in
381 3217 446 3286 Dei
472 3218 619 3290 nomine
642 3221 843 3317 congregati
868 3232 967 3310 sunt,
997 3232 1032 3288 et
1058 3216 1245 3288 lectionem

189 3331 298 3398 sancti
315 3333 423 3427 patris
440 3334 620 3407 Benedicti
636 3336 681 3407 de
698 3334 899 3408 ordinando
916 3332 1046 3405 abbate
1063 3331 1246 3429 diligenter

188 3439 388 3516 audierunt.
425 3453 588 3547 Denique
619 3450 831 3523 venerahilis
867 3449 979 3521 abbas
1010 3447 1183 3543 Rogerius
1214 3455 1247 3515 et

188 3553 385 3651 spirituales
404 3559 465 3631 filii
485 3565 560 3658 ejus
578 3564 623 3635 de
641 3564 754 3636 salute
770 3566 970 3636 animarum
987 3571 1244 3648 tractaverunt,

186 3682 221 3740 et
235 3695 347 3742 unum
358 3696 401 3742 ex
414 3677 608 3774 semetipsis
618 3679 655 3748 in
665 3680 811 3750 nomine
820 3677 966 3749 Domini
976 3674 1021 3747 ad
1031 3675 1247 3775 supplendos

185 3785 280 3858 vices
306 3786 446 3858 abbatis
474 3808 752 3889 assumpserunt.
786 3794 983 3865 Guarinum
1016 3815 1176 3888 namque
1204 3787 1247 3859 de
1298 3832 1300 3834 v

185 3903 294 3973 Sertis
313 3904 381 3998 (l),
401 3922 641 3999 cognomento
658 3913 822 3996 Parvum,
842 3905 908 3977 sibi
926 3905 1094 3977 abbatem
1112 3926 1247 4000 ptaepo-

221 4092 261 4161 (l)
279 4090 389 4148 Guc'riu
402 4094 451 4149 des
467 4095 758 4166 Essem-en·0ucbe,
773 4097 844 4152 abbe
856 4096 892 4150 de
906 4081 1117 4151 Saiut·Evroult
1130 4092 1198 4146 dans
1209 4091 1245 4146 tes

186 4176 312 4234 derniers
327 4185 396 4238 mois
411 4184 538 4240 (104493.
