3190 5064
378 463 438 526 460
647 461 832 524 nisinun
852 459 1157 524 Eccumttsttct.
1322 463 1432 541 [1124]

376 593 620 694 Bana(t)pro
630 594 809 668 derisoriis
818 593 1045 668 contionibus
1053 594 1288 667 ettemerariis
1295 593 1431 666 nisibus

375 709 494 782 orbari
513 708 707 782 luminibus
732 711 929 808 imperavit.
957 713 1054 782 'l'unc
1078 708 1246 801 Karotus,
1269 709 1429 781 marchio

375 824 544 898 Flandiioe
558 826 625 923 (2),
644 826 706 922 qui
723 824 895 899 Balduino
908 824 1030 922 juveni
1044 825 1081 896 in
1097 823 1229 896 ducatu
1246 824 1427 916 successit,

373 966 457 1012 cum
466 941 585 1014 multis
596 940 776 1014 nobilibus
787 941 893 1014 curiae
904 939 1174 1038 regisimcrsuit.
1189 939 1430 1012 Infaustonim

372 1081 517 1154 quoquc
539 1055 829 1128 condemnationi
850 1055 908 1154 pie
928 1053 1130 1146 condoluit,
1151 1068 1277 1152 atque,
1296 1056 1435 1128 oaeteris

373 1171 555 1266 audacior,
575 1172 623 1243 ait
637 1198 646 1243 ι
659 1175 745 1243 Rem
761 1174 891 1244 nostris
907 1169 1030 1244 ritibus
1047 1173 1269 1258 inusitatam,
1288 1169 1431 1243 domiue

373 1311 455 1373 rex,
469 1285 586 1383 facit,
611 1291 675 1386 qui
692 1286 820 1358 milites
839 1285 928 1360 bello
943 1302 1065 1384 captos
1081 1289 1120 1356 iii
1134 1289 1276 1358 seruitio
1295 1285 1434 1356 domini

369 1405 428 1474 sui
436 1401 674 1475 debilitatione
686 1385 920 1474 membrorum
931 1404 1054 1499 punit.
1068 1401 1134 1474 Cui
1145 1401 1331 1500 respondit
1342 1425 1404 1472 rex
1418 1429 1427 1472 :

372 1523 459 1590 Rem
470 1517 622 1616 justum,
642 1517 783 1590 donuae
800 1518 940 1604 cornui,
955 1515 1075 1614 facio,
1099 1534 1135 1589 et
1153 1518 1216 1590 lioc
1237 1515 1430 1614 manifesta

371 1635 508 1704 ratione
518 1632 685 1730 probabo.
705 1631 908 1729 Goitsredus
922 1636 1018 1704 enim
1034 1649 1072 1704 ct
1083 1632 1249 1706 Odardus
1258 1657 1431 1706 conteruit

370 1745 593 1820 donunorum
620 1773 765 1821 suorum
799 1751 948 1848 legitimi
975 1749 1134 1820 bonu'nes
1161 1753 1233 1820 mei
1251 1747 1425 1844 fuerunt,

368 1863 590 1963 perjuriique
602 1862 705 1960 nesus
722 1864 816 1936 ultro
826 1865 1090 1950 committentes,
1108 1861 1316 1955 miliifidem
1326 1888 1430 1934 suam

370 1983 511 2050 mentiti
514 2039 515 2044 ,
526 1997 624 2066 sunt,
650 1997 684 2052 et
707 1983 831 2052 iccirco
852 2005 936 2051 nece
956 2003 1018 2051 seu
1034 1981 1236 2076 priuatione
1257 1978 1428 2050 membro·

370 2118 451 2164 rum
478 2097 607 2192 puniri
635 2111 850 2168 meruerunt.
883 2099 957 2166 Pro
983 2091 1173 2180 servanda,
1205 2117 1316 2192 quam
1343 2094 1432 2165 milii

361 2209 592 2305 juraverant,
614 2208 813 2301 fidelitate,
840 2212 961 2282 omnia
981 2212 1101 2307 potius
1128 2233 1207 2308 quic
1231 2211 1271 2280 in
1298 2207 1429 2281 mundo

370 2322 555 2412 habebant,
587 2325 787 2398 debuitsent
807 2324 986 2412 deserere,
1019 2350 1127 2423 quam
1156 2324 1224 2396 ulli
1247 2325 1426 2396 bonu'rium

366 2453 494 2515 contra
510 2439 577 2536 jus
597 2439 820 2538 aliquateruu
840 2441 1025 2534 inboerere,
1040 2439 1223 2540 fidemque
1242 2467 1347 2513 suam
1368 2467 1427 2512 ne-

368 2555 484 2651 quiter
493 2553 692 2652 prodendo,
712 2555 836 2653 legalia
851 2555 1054 2651 lierisoedus
1067 2554 1300 2653 disrumpere.
1316 2561 1427 2628 luem

368 2683 484 2740 autem
504 2669 705 2768 homagium
726 2668 817 2742 milii
834 2695 1017 2768 nunquam
1026 2667 1122 2765 fecit
1126 2700 1141 2758 ‚·
1166 2669 1231 2742 sed
1250 2673 1289 2742 in
1310 2687 1426 2744 castro

368 2783 698 2858 Parim-Autem·
710 2801 835 2856 contra
857 2809 914 2856 me
934 2809 1047 2882 nuper
1065 2785 1255 2856 dimicavit.
1275 2783 1427 2882 Adpar-

369 2912 535 2985 tremiim,
559 2923 648 2994 pace
657 2895 780 2993 sacta,
794 2895 1209 3001 ¹quicquidsori'ssccerat
1224 2897 1373 2984 indulsi,
1390 2915 1427 2968 et

367 3036 448 3083 cum
460 3016 570 3111 equit,
586 3011 754 3112 roburque
768 3016 843 3085 suit
857 3013 1004 3086 liberum
1015 3013 1113 3085 abire
1124 3017 1286 3111 permiti.
1303 3020 1355 3086 At
1366 3011 1425 3084 ille

367 3126 519 3200 hostibus
535 3131 623 3203 nteit
632 3133 799 3226 protinut
808 3128 964 3218 adbiaiit,
982 3130 1164 3217 reditibus,
1181 3129 1420 3228 illisjuncuu,

369 3244 572 3314 inimicitias
588 3247 627 3314 in.
643 3270 700 3316 me
714 3246 870 3343 agimui't,
889 3260 925 3315 et
934 3245 1066 3342 pejora
1077 3243 1258 3343 prioribus
1273 3243 1421 3316 addidit.

368 3557 408 3612 du
422 3559 479 3625 roi,
492 3577 520 3614 sa
533 3559 698 3616 ddcouveitc
708 3561 795 3616 excita
807 3560 880 3616 alors
891 3579 947 3616 une
959 3562 1078 3617 horreur
1090 3559 1263 3616 univcnelle.
1278 3557 1325 3615 On
1338 3557 1423 3622 emit,

368 3663 476 3701 comme
487 3664 558 3702 nouo
566 3648 668 3705 l‘avont
678 3648 741 3721 de'jt
751 3647 810 3720 dit,
820 3649 908 3723 qu‘un
921 3650 1008 3723 paceii
1018 3661 1079 3706 acte
1091 3651 1126 3705 de
1137 3651 1254 3704 croautc'
1265 3649 1309 3704 lut
1319 3665 1425 3702 accom-

369 3733 422 3807 pli,
437 3753 487 3809 par
501 3752 551 3790 son
563 3737 660 3806 ordre,
676 3756 725 3794 sur
735 3737 761 3793 la
774 3755 910 3812 personne
923 3737 1021 3794 deson
1034 3755 1137 3811 propio
1150 3736 1225 3792 libre
1238 3758 1245 3790 ε
1261 3733 1287 3790 lc
1298 3735 1354 3790 doc
1367 3735 1426 3790 Ro·

367 3825 441 3882 bert.

403 3912 443 3984 (t)
462 3912 518 3966 Luc
536 3910 571 3966 de
587 3909 614 3966 la
632 3912 893 3971 barre-en·0uche.
912 3913 1005 3988 Voycz
1022 3930 1053 3968 ce
1068 3929 1123 3988 que
1139 3929 1211 3967 noui
1228 3929 1263 3968 en
1283 3927 1367 3966 avons
1384 3909 1429 3966 dit

368 3999 522 4068 ciceiani,
537 4019 565 4074 p.
579 4003 630 4058 ³68
642 4011 671 4056 et
683 4003 744 4058 lib.

403 4089 442 4160 (2)
458 4089 571 4146 Cliarlcs
585 4090 626 4156 1⁹¹,
642 4087 683 4144 dii
695 4089 721 4144 le
738 4089 809 4161 Bon,
831 4101 921 4148 comto.
934 4089 969 4145 de
985 4087 1119 4159 Flindrc,
1133 4092 1181 4164 qui
1196 4087 1239 4144 lut
1252 4089 1386 4144 ossaninc'
1400 4087 1425 4140 lc

369 4183 385 4236 2
400 4196 471 4232 mars
483 4180 561 4236 ⁴⁴27.
