2888 4934
111 415 227 496 [1106]
464 416 580 478 LIBER
603 417 843 477 UNDECJMUS,
1119 416 1180 477 235

168 548 232 618 His
254 548 303 619 ita
327 546 449 637 dictis,
476 547 592 619 Helias
619 545 802 645 respondit
822 581 830 618 ;
851 545 1012 618 Prudens
1032 548 1180 644 quisque

109 660 162 731 ab
182 663 284 733 initia
298 660 397 733 debet
410 662 594 760 providere
612 689 657 733 ue
675 665 826 760 incipiat
845 660 941 761 quod
961 686 1032 732 uon
1044 663 1176 758 possit,

112 777 176 848 ael
190 802 262 848 uon
279 775 402 850 debeat
415 778 570 875 explere.
592 783 725 864 Rursus
744 776 841 847 debet
860 793 1021 875 satagere
1037 802 1082 847 ue
1101 774 1184 846 velit

108 891 305 991 audiguwu
317 919 527 992 quemquam
532 894 620 991 plus
635 919 743 993 quam
757 892 853 963 decet
865 896 1011 991 erigere,
1031 891 1085 962 uel
1092 890 1181 961 aliis

111 1010 157 1079 iu
164 1006 329 1104 fascibus
335 1008 521 1107 preferre,
536 1015 597 1109 qui
606 1013 759 1107 seipsum
774 1013 906 1080 neseiat
919 1033 1049 1107 regere.
1068 1014 1176 1092 Nam,

109 1123 441 1219 sr'eutproverbium
457 1128 587 1197 asserit
601 1125 761 1223 uulgare:
773 1127 836 1223 qui
845 1126 992 1197 stultum
1004 1120 1184 1196 contendit

112 1238 162 1306 ire
174 1235 320 1309 sublimi
329 1255 539 1325 sustentare,
559 1257 684 1311 eontra
701 1246 815 1311 Deum
828 1244 1015 1336 presumit
1028 1237 1178 1335 litigare.

115 1357 277 1424 Heurico
306 1358 384 1453 regi
409 1355 667 1450 eoufoederatus
695 1383 774 1427 sum
784 1412 795 1444 ,
829 1384 892 1428 nee
927 1357 1039 1428 ullam
1072 1357 1111 1425 iu
1142 1378 1183 1425 eo

113 1467 265 1540 divortii
283 1496 428 1542 eausam
451 1476 617 1569 reperire
621 1498 780 1569 possum.
809 1478 961 1544 Tantum
983 1472 1183 1570 priueipem

114 1585 330 1682 insipienter
341 1584 523 1682 (ffseudere
536 1587 629 1675 uolo,
645 1614 709 1658 uec
726 1604 770 1675 te,
792 1613 856 1658 nec
871 1587 983 1658 alium
999 1582 1188 1684 quemlibet

116 1701 159 1768 iu
179 1699 248 1770 tali
264 1705 401 1798 negotio
419 1702 619 1773 arucultare
635 1702 749 1774 debeo.
773 1709 869 1775 Nam
885 1728 991 1774 seusu
1009 1718 1046 1773 et
1057 1716 1184 1798 pateu-

117 1815 190 1899 tia,
214 1811 411 1914 divitiisque
425 1815 598 1914 praeditru
615 1833 686 1905 est;
710 1843 773 1888 uec
794 1818 940 1916 aliquis,
967 1833 1005 1888 ut
1027 1841 1119 1901 rear,
1146 1816 1185 1885 iu

120 1927 310 2002 Occidente
316 1932 524 2029 specialibus
532 1937 567 2005 ei
570 1936 816 2031 prerogativis
827 1935 1046 2032 aequiparari
1052 1943 1180 2028 potest.

117 2047 165 2115 Si
174 2063 301 2117 eontra
306 2045 468 2144 fratrem
481 2075 598 2137 suum,
619 2065 659 2119 ut
672 2052 813 2136 asseris,
834 2048 1010 2147 majorem
1027 2062 1061 2117 et
1075 2044 1187 2116 domi·

120 2183 221 2248 uum,
237 2166 420 2261 pugnavit,
439 2164 490 2235 ad
504 2165 568 2235 lure
583 2166 699 2262 ipsum
711 2168 873 2235 maxima
889 2165 1077 2234 necessitas
1093 2185 1187 2231 eom·

106 2275 230 2371 pulit,
256 2294 291 2348 et
307 2279 518 2376 supplicatio
536 2280 795 2379 religiosorum,
821 2282 883 2378 qui
896 2277 1144 2351 miserabiliter
1161 2300 1186 2345 a

119 2386 333 2464 biothanatis
351 2394 406 2489 (l)
422 2395 728 2484 conculcabantur,
753 2398 921 2467 invitavit.
942 2400 1074 2478 Porro,
1096 2394 1188 2463 sieut

124 2504 243 2604 vulgus
262 2509 302 2579 iu
319 2508 526 2607 quotidiana
547 2511 718 2583 loeutraue
732 2510 907 2609 perlubet,
937 2510 1074 2581 malum
1090 2505 1190 2577 debet

97 2622 215 2709 fieri,
235 2639 275 2694 ut
282 2625 389 2722 pejus
406 2642 525 2697 cesset.
546 2631 620 2697 Hoc
636 2630 807 2698 nimirum
823 2625 960 2725 uulgari
973 2650 1072 2696 more
1087 2621 1186 2708 dico;

39 2814 55 2824 ,
119 2733 243 2807 dirim
262 2753 383 2810 tamen
400 2743 608 2812 auctoritate
629 2766 701 2812 uon
719 2768 890 2813 assevero.
916 2739 979 2811 Ad
996 2741 1060 2810 lroe
1079 2735 1191 2808 semel

123 2877 148 2921 a
168 2851 301 2927 deisbus
319 2872 521 2955 pugnatum
548 2873 603 2928 est
613 2855 811 2954 fratribus,
840 2873 880 2928 ut
901 2854 1028 2926 amodo
1054 2865 1191 2924 cessent

123 2973 238 3040 eume
266 2972 470 3064 conflatus,
504 2976 568 3072 qui
594 2972 747 3071 quottidie
774 2972 936 3045 tellurem
969 2966 1188 3042 inebriabant

97 3080 281 3170 ,filrbrum
297 3086 540 3185 saugu'uibus.
560 3093 675 3175 Ναιη,
696 3112 742 3158 ee
758 3085 916 3185 quodue
931 3083 975 3155 de
992 3081 1188 3155 ierusalem

126 3198 230 3271 rediit
239 3216 275 3272 et
290 3200 456 3275 deleamus
472 3208 704 3279 Narmauuioe
720 3207 861 3301 recepit,
884 3205 1021 3300 torpori
1035 3217 1073 3273 et
1085 3204 1188 3299 igaa-

128 3315 184 3384 vie
198 3317 307 3387 armis
322 3317 507 3417 subjacuit.
533 3320 643 3418 Cujus
658 3321 805 3418 segnitie
819 3320 1005 3416 provocati
1013 3317 1189 3413 prevari·
1233 3348 1238 3359 =

126 3444 258 3502 catores
275 3430 360 3531 legis
375 3433 426 3504 ad
439 3450 564 3506 cuncta
576 3433 736 3528 nefaria,
754 3433 847 3504 elam
861 3450 897 3505 et
905 3433 1049 3531 palam,
1065 3429 1188 3503 intole-

127 3542 283 3618 rabiliter
296 3549 464 3621 hacteuus
469 3548 671 3644 furuerunt
683 3554 722 3621 iu
739 3553 978 3634 Normauuia,
1000 3568 1189 3644 eorumque

129 3655 296 3728 incendiis
310 3676 347 3730 et
361 3667 504 3759 rapinis
508 3690 577 3761 per
592 3690 656 3735 sex
671 3691 786 3736 anuos
798 3679 924 3736 saneta
935 3679 1050 3734 mater
1063 3674 1189 3732 vexata

128 3786 179 3842 est
190 3773 361 3847 Ecclesia.
382 3781 477 3850 Hinc
494 3779 600 3851 turbae
611 3807 814 3879 pauperum
824 3781 940 3878 pulset
955 3794 1042 3851 suut
1058 3781 1096 3848 iu
1111 3775 1188 3846 exi·

161 4048 195 4120 (i)
214 4050 290 4106 Nous
308 4070 391 4107 avons
410 4052 471 4125 dejs
493 4059 672 4111 rencontreir
695 4054 833 4128 plusieurs
854 4053 973 4127 reprises
991 4070 1022 4106 ce
1043 4060 1117 4119 mot,
1137 4052 1187 4123 qui
1311 4062 1316 4073 ’

134 4132 233 4206 signifie
246 4139 281 4194 ici
296 4163 302 4194 ι
318 4140 358 4195 les
369 4141 525 4199 bronillons
537 4147 586 4218 qui
600 4144 755 4219 s’exposent
767 4148 783 4199 i
796 4161 852 4198 une
865 4151 940 4200 mort
951 4140 1080 4196 violente.
