2888 4934
90 417 218 493 [mom
236 415 325 494 ms]
416 413 532 473 arana
553 412 819 474 uuoonctuus.
1085 417 1146 480 us

90 560 215 636 mna,
236 545 408 618 exclamat
425 569 509 616 cum
526 560 622 617 metu
641 568 683 616 ac
701 547 828 618 mentis
845 546 1023 618 alacritate
1043 575 1050 617 :
1073 553 1145 617 Do·

90 665 206 733 mium
226 660 276 731 nd
290 658 466 757 judicium
489 663 615 744 veniet,
644 684 723 729 cum
741 659 877 734 sem‘bro
896 662 1023 759 populi
1038 666 1097 734 sui
1113 677 1147 732 et

90 772 305 875 amotus
321 775 429 873 uus(
455 776 483 869 >-

137 897 178 965 ln
202 891 346 965 sublimi
371 893 582 964 consistorio
606 890 800 990 apostoliea
823 893 922 966 sodes
947 908 1039 978 erut,
1066 907 1147 965 ante

90 1008 214 1104 januas
233 1006 399 1080 ecclesiae.
419 1008 533 1079 Finita
555 1008 679 1096 missa,
703 1006 868 1079 Callistus
885 1012 979 1106 Papa
996 1006 1145 1094 resedit,

90 1137 125 1197 ct
139 1124 179 1196 in
194 1125 310 1222 prima
325 1123 443 1194 fronte
459 1146 581 1195 coram
599 1147 645 1195 eo
666 1125 846 1194 Romanus
858 1138 1001 1196 senatus
1016 1125 1148 1195 consti-

90 1238 143 1312 rit.
173 1240 276 1310 Couo
306 1240 541 1310 Praenestinus
568 1237 715 1337 praesul,
744 1254 781 1310 et
804 1242 893 1312 boso
918 1241 1141 1329 Parmensis,

90 1352 298 1429 tambums
328 1355 521 1443 Ostiensis,
553 1353 734 1426 lohannes
765 1354 962 1427 Crumeusis
991 1368 1026 1426 et
1052 1357 1144 1425 Halo

90 1468 302 1542 lineriensis
320 1469 388 1566 (2).
410 1472 455 1540 lli
471 1469 642 1540 nimirum
659 1493 732 1567 prae
751 1468 917 1542 omnibus
937 1470 1014 1543 aliia
1035 1492 1146 1566 quaes·

90 1584 205 1658 &aaa
227 1585 401 1656 subtiliter
422 1583 676 1674 discutiebant,
698 1598 734 1657 et
752 1585 842 1656 mira
863 1585 1061 1658 eruditione
1082 1585 1146 1654 im·

90 1698 180 1790 turi,
194 1724 362 1798 responsa
375 1699 530 1772 ubertim
544 1698 785 1797 proferebant.
805 1698 1044 1798 Chrisogonus
1060 1709 1145 1770 vero

90 1814 273 1909 diaconus,
293 1817 483 1890 dalmatica
498 1817 658 1906 indutus,
678 1819 782 1914 Papae
797 1815 946 1906 astabat,
965 1839 1147 1913 manuque

90 1950 244 2005 mones
276 1931 454 2029 gestabat,
489 1946 678 2031 promptus
706 1931 901 2030 propinare
926 1931 1146 2003 authenticas

90 2046 264 2144 majorum
288 2048 497 2136 sententias,
526 2060 566 2117 ut
590 2070 647 2118 res
668 2044 841 2143 exigebat.
870 2050 980 2118 Porro
1003 2045 1061 2117 alii
1086 2069 1145 2118 sex

90 2160 252 2252 mirtistri,
272 2162 399 2235 tunicis
419 2187 480 2234 seu
498 2161 695 2236 dalmaticis
710 2163 839 2255 vestiti,
858 2161 1144 2252 circumstabant,

90 2288 123 2349 ot
138 2275 357 2374 frequenter,
376 2278 580 2374 insurgente
597 2276 844 2350 dissidentium
857 2278 1025 2368 tumultu,
1043 2278 1147 2350 silen-

90 2391 178 2465 ΓΜ
192 2392 429 2491 imperabant.
451 2396 491 2464 lu
508 2392 646 2490 primis,
664 2407 747 2491 post
761 2392 928 2465 letaniam
945 2408 981 2466 et
998 2393 1147 2465 anthen-

90 2504 176 2578 tima
189 2509 383 2599 orationes,
404 2513 499 2606 Papa
516 2510 624 2607 coepit
639 2509 844 2609 simpliciter
860 2523 897 2581 et
912 2523 1032 2580 sancte
1049 2508 1146 2579 latia·

90 2616 307 2695 lib-:verbis
319 2624 549 2720 Evangelium
561 2623 769 2721 explanare:
786 2623 885 2722 quod
895 2624 1036 2719 jusserit
1047 2625 1146 2693 lesus

90 2733 281 2836 discipulos
291 2764 376 2810 suos
385 2754 482 2811 trans
492 2739 619 2811 fretum
633 2738 833 2835 praecedere
846 2738 913 2835 (3)
930 2737 1146 2834 Eloquentcr

90 2850 194 2923 utiam
218 2855 369 2926 retexuit
391 2853 579 2952 quomodo
601 2877 748 2952 vespere
768 2852 861 2924 sacto
886 2866 1013 2923 ventus
1034 2852 1147 2922 oritur

90 2967 307 3056 mntrarius,
337 2983 374 3040 ot
398 2969 498 3039 navis
523 2981 650 3039 sanctae
676 2967 838 3039 Ecclesiae
864 2965 1081 3064 periclitatur
1108 2966 1145 3035 in

90 3076 194 3175 bujus
209 3081 336 3152 mundi
353 3082 535 3171 fluctibus,
556 3081 848 3178 multimodisque
860 3080 1013 3176 jactatur
1029 3093 1147 3152 tenta-

90 3192 227 3265 tionum
242 3210 279 3266 et
294 3196 565 3268 tribulationum
583 3196 763 3296 procellis3
786 3195 851 3267 sed
872 3196 1053 3266 sevientes
1074 3195 1147 3265 im-

90 3306 230 3405 piarum
246 3309 350 3413 ssatus
366 3310 484 3382 subito
500 3313 761 3409 conquiescunt
773 3310 973 3383 visitatione
987 3310 1145 3382 Salvato-

90 3422 154 3513 ῆι,
178 3438 215 3495 et
236 3439 356 3524 optata
378 3426 614 3523 tranquillitas
638 3427 826 3499 revertitur
847 3425 893 3499 ad
920 3424 1012 3497 filios
1034 3427 1143 3524 pacis.

90 3537 242 3628 Deinde,
268 3556 307 3611 ut
331 3546 426 3640 Papa
448 3566 651 3615 sermonem
676 3541 807 3631 finivit,
831 3545 933 3613 Cono
958 3540 1146 3614 cardinalis

90 3653 246 3751 pontifex
264 3657 425 3747 surrexit,
449 3672 484 3728 et
502 3657 791 3754 eloquentissime
807 3680 927 3729 sacros
942 3657 1148 3729 archiman-

120 3874 159 3946 (l)
174 3877 253 3942 isaie,
267 3878 323 3945 lll,
339 3882 382 3936 tl.
398 3879 485 3933 Notrc
498 3889 597 3933 auteur
612 3898 627 3933 a
639 3896 749 3946 encore,
765 3878 841 3934 selon
854 3897 905 3934 sou
919 3876 1063 3944 habunde,
1077 3875 1147 3930 ecrit

90 3965 288 4021 lmactcment
301 3967 325 4021 le
338 3986 403 4023 nom
418 3968 496 4024 dece
508 3969 656 4042 prophbte.

122 4052 161 4124 (ἱ)
172 4053 275 4120 llatou,
291 4056 394 4129 eurique
406 4056 441 4111 de
452 4058 572 4116 Vivicrs.
585 4057 678 4129 Voyez
692 4075 723 4113 ce
734 4075 788 4133 quc
799 4072 870 4113 nous
879 4057 976 4111 diruas
984 4051 1144 4106 cidessous.

122 4141 162 4207 (3)
182 4141 272 4210 Marc,
288 4162 329 4212 vr,
346 4146 388 4200 45.
