2888 4934
295 423 357 484 sos
561 418 745 481 msaoau
768 396 1073 485 EcCLEslasTlca.
1244 426 1355 509 [isos]

293 572 400 655 atque
412 551 601 626 Guillelmo
615 554 659 625 de
674 556 900 628 Conversana
914 572 950 629 et
959 560 1103 657 Hugoni
1116 555 1160 629 de
1171 564 1353 652 Nononto,

294 673 357 770 qui
369 676 560 766 Rotomago
569 669 749 766 praecellet,
766 689 800 743 et
815 672 1003 757 Gunlierio,
1021 676 1142 770 nepoti
1154 673 1245 772 ejus,
1260 675 1359 750 aliis·

293 813 360 886 que
373 783 528 884 indignis
540 783 705 883 subJucet.
723 788 818 858 Proli
831 785 952 858 dolor!
972 790 1065 878 Qua
1078 791 1203 888 magni
1297 866 1306 877 ,¹
1358 792 1362 811 ²
1390 840 1432 891 f

292 899 431 973 diur'uas
441 902 481 971 in
491 901 594 997 nugis
603 900 855 974 ctuanitatibus
866 901 1027 1000 dissipat,
1043 905 1118 1000 ipse
1125 928 1252 1002 prope
1351 884 1355 897 ⁵

285 1017 397 1114 panis
417 1013 468 1086 od
485 1039 618 1086 nonam
635 1040 743 1113 usque
756 1016 812 1114 (l)
828 1016 1173 1114 mulma'esJejunat.
1191 1018 1358 1092 Plemm-

292 1157 360 1230 que
374 1129 419 1202 cle
432 1127 520 1201 lecto
531 1154 675 1228 surgere
688 1155 760 1202 nan
776 1131 893 1219 audet,
910 1157 974 1203 nec
982 1156 1056 1228 pro
1067 1131 1228 1205 nuditate
1243 1133 1361 1207 suiad

291 1246 472 1319 ecclesiam
485 1247 677 1344 procedere
689 1246 791 1336 ualet,
807 1251 891 1347 quia
897 1246 1147 1344 senwralibus,
1167 1247 1359 1348 caligisque

292 1379 329 1434 et
340 1361 573 1437 subtolaribus
595 1380 704 1436 caret.
725 1367 865 1464 Scurrae
889 1367 1060 1436 nimirum
1084 1380 1120 1435 et
1136 1368 1353 1455 meretrices,

293 1476 493 1576 quasillum
514 1476 727 1577 frequenter
753 1481 979 1566 comitantur,
1009 1495 1115 1551 vestes
1145 1480 1242 1578 ejas,
1272 1479 1358 1553 dion

290 1592 457 1666 ebrietate
478 1593 625 1666 madens
646 1597 778 1683 stertit,
805 1611 909 1666 noctu
922 1593 1113 1691 furantur,
1142 1612 1179 1667 et
1198 1621 1281 1670 cum
1299 1604 1358 1669 'ca-

292 1711 432 1784 cliinnis
448 1738 524 1784 sese
539 1711 663 1784 breem
677 1712 847 1810 spoliasse
858 1711 1074 1810 gloriantur.
1092 1715 1152 1784 Sic
1170 1711 1359 1812 languente

292 1831 418 1925 capite,
435 1844 544 1900 toturn
556 1853 684 1926 corpus
696 1831 912 1916 infirmatur,
932 1844 967 1900 et
972 1831 1137 1926 principe
1148 1828 1354 1927 desipiente,

206 2007 209 2012 .
293 1959 367 2015 tota
386 1946 481 2043 regio
494 1943 734 2042 periclitatur,
756 1961 794 2016 et
806 1947 937 2015 misera
950 1941 1053 2040 plebs
1068 1942 1282 2016 omnimodis
1300 1943 1361 2017 de-

291 2059 439 2131 solatur.
469 2065 504 2130 A
531 2057 741 2156 temporibus
766 2058 941 2144 Rollonis,
975 2060 1038 2156 qui
1064 2063 1359 2132 Narmannorum

285 2177 430 2271 primus
454 2177 628 2248 Neustria
644 2171 810 2272 prefuit,
839 2171 941 2245 etde
965 2197 1034 2271 quo
1061 2188 1175 2244 uestra
1195 2199 1360 2275 propago

285 2286 442 2385 prodiit,
469 2314 577 2387 usque
601 2287 652 2360 od
673 2289 765 2361 liunc
788 2286 1013 2384 desecn’rum,
1040 2291 1194 2360 strenuis
1215 2287 1360 2380 barber

293 2405 521 2475 Narmannia
535 2401 720 2500 subjacuit.
740 2406 813 2473 Pro
829 2418 931 2474 tanta
947 2401 1080 2474 natalis
1093 2402 1165 2474 soli
1176 2428 1354 2494 erumna,

285 2518 399 2617 probe
414 2545 492 2606 rec,
513 2519 646 2591 utiliter
660 2523 823 2606 irascere,
839 2534 886 2607 et,
902 2521 996 2590 sicut
1007 2517 1127 2590 Dauid
1133 2519 1313 2617 propheta
1324 2535 1359 2592 et

293 2661 359 2707 ree
372 2650 578 2722 commonet,
598 2634 674 2705 noll
684 2658 832 2732 peccare
847 2633 916 2730 (Ἰ),
935 2659 1041 2705 arma
1054 2658 1198 2706 sumens
1209 2658 1284 2733 pro
1299 2634 1358 2706 tle·

281 2749 451 2848 fensione
470 2751 618 2847 patries,
632 2775 711 2821 non
731 2773 801 2846 pro
821 2739 969 2820 terrenae
987 2751 1174 2846 potestatis
1189 2748 1357 2849 elegenda

291 2868 494 2967 suptilitate.
1018 2854 1031 2882 ”

341 2991 403 3062 His
421 2989 582 3088 episcopi
598 2986 701 3060 dictis
713 3011 778 3059 sex
795 2987 971 3059 animatus
989 2999 1055 3077 est,
1076 2999 1112 3056 et
1127 2984 1250 3058 audita
1264 2987 1358 3084 opti·

293 3118 448 3193 matum,
472 3106 534 3202 qui
558 3103 940 3194 aderont‚,sententia‚
965 3102 1015 3174 sic
1035 3102 1177 3173 locutus
1203 3117 1259 3174 est
1281 3128 1292 3173 t
1312 3106 1359 3173 In

293 3221 435 3289 nomine
458 3222 622 3306 Domini,
648 3244 718 3316 pro
738 3243 829 3315 paoe
847 3215 898 3288 ad
915 3215 1069 3289 laborem
1087 3240 1297 3315 exsurgam,
1323 3230 1361 3286 et

292 3336 443 3433 quietem
459 3334 634 3421 llcclcsioe,
657 3334 748 3406 uobis
762 3331 1020 3432 adjuvantibus,
1040 3357 1262 3429 sunmtopere
1269 3356 1358 3429 per·

292 3451 445 3548 quirum.
459 3449 513 3521 Ad
525 3448 597 3520 hoc
610 3449 798 3522 consilium
811 3447 1122 3521 corroborandum
1135 3445 1358 3520 mellenticus

293 3588 414 3636 comes
424 3564 538 3654 alluit,
559 3588 626 3636 nec
641 3564 726 3636 inde
741 3564 907 3653 aliorum,
925 3563 987 3660 qui
998 3562 1161 3653 aderant,
1179 3561 1359 3636 nobilium

327 3898 366 3967 (l)
383 3895 497 3969 lusqu'a
511 3896 580 3949 trois
591 3894 693 3949 heures
707 3894 787 3966 apres
800 3893 880 3949 midi.

327 3987 366 4054 (2)
383 3984 405 4038 ll
418 3994 459 4037 est
473 4001 545 4037 assez
558 3981 668 4036 difficile
681 3981 716 4036 de
729 3993 873 4037 retrouver
889 3985 904 4037 a
920 3983 985 4055 quel
1002 4000 1115 4056 passage
1126 3982 1175 4037 des
1189 4000 1321 4057 psannios
1333 3983 1359 4038 le

291 4073 450 4146 belliqueux
465 4071 554 4144 prblat
565 4088 581 4123 a
593 4069 678 4124 voulu
694 4071 762 4124 laire
774 4069 901 4126 allusion.
917 4071 994 4127 Nous
1006 4088 1126 4144 pensons
1137 4071 1206 4145 qu'il
1219 4090 1256 4127 ne
1268 4069 1361 4127 leura

292 4163 441 4234 emprunti
453 4179 508 4234 que
520 4159 558 4215 les
572 4158 643 4214 deux
656 4168 745 4212 mols:
761 4158 832 4213 Noli
839 4177 965 4228 peccare.
979 4160 1025 4215 Ps.
1038 4160 1092 4229 lv,
1107 4163 1134 4215 5.
