3256 5048
339 493 378 549 uu
609 489 792 551 nrsronn
813 490 1118 552 suctustas‘nca.
1282 497 1391 576 [1097]

339 621 436 693 tione
453 627 500 718 γ’,
518 621 727 693 Guillelmus
748 622 874 711 liuius,
893 638 933 694 ut
952 625 1060 722 patris
1078 625 1132 696 sui
1148 648 1249 697 casus
1265 641 1301 698 et
1316 626 1391 700 bel·

338 736 454 810 lorum
469 761 592 810 causas
607 738 793 836 comperit,
811 737 986 837 Philippo,
1000 745 1216 812 Francorum
1231 743 1316 838 regi,
1333 757 1389 815 to-

338 868 413 925 tum
427 852 660 924 vilcassinum
673 877 803 950 pagum
822 853 1030 926 calumniari
1042 856 1162 953 coepit,
1177 870 1212 929 et
1225 858 1388 955 praeclara

337 967 470 1065 oppida
488 996 496 1038 :
517 969 715 1039 Pontesiam
732 982 768 1040 et
783 967 1039 1043 Calvimontem
1056 985 1162 1067 atque
1181 971 1388 1044 Medantum

335 1087 511 1182 poposcit.
541 1085 681 1156 Francis
709 1099 826 1156 autern
853 1088 1013 1182 poscenti
1033 1111 1107 1158 non
1133 1086 1388 1184 adquiescenti-

334 1199 418 1288 bus,
447 1201 559 1271 immo
581 1199 752 1298 praeliauti
782 1201 949 1272 atrociter
974 1203 1136 1274 resistere
1161 1202 1385 1292 ardentibus,

334 1317 457 1412 ingens
469 1315 594 1412 guerra
611 1317 702 1388 inter
714 1316 849 1387 feroces
862 1317 1015 1414 populos
1029 1319 1200 1408 exoritur,
1214 1334 1251 1391 et
1269 1319 1388 1392 multis

334 1431 495 1503 luctuosa
515 1454 612 1501 mors
630 1432 813 1528 ingeritur.
833 1435 960 1502 Totum
984 1447 1102 1503 minen
1120 1433 1264 1529 pondus
1280 1433 1388 1506 detri-

332 1561 536 1618 mentorum
557 1545 666 1618 Gallis
684 1546 857 1618 incumbit
874 1559 909 1619 et
926 1546 1181 1619 accumulatur.
1204 1549 1388 1648 Philippus

331 1662 427 1734 enim
448 1686 525 1750 rex,
549 1661 648 1759 piger
668 1676 704 1732 et
723 1661 972 1759 corpulentus,
990 1661 1156 1760 belloque
1171 1663 1388 1760 incongruus

329 1787 417 1848 erat.
438 1775 637 1848 Ludovicus
657 1799 761 1866 vero,
782 1775 874 1848 filius
892 1776 984 1871 ejus,
1003 1777 1129 1875 puerili
1150 1779 1388 1851 teneritudine

328 1888 493 1962 detentus
510 1889 565 1986 (l)
590 1887 720 1980 adhuc,
748 1889 899 1962 militare
914 1891 1095 1988 nequibat.
1115 1892 1308 1990 Anglorum
1326 1917 1388 1964 au-

328 2018 401 2076 tem
416 2003 598 2102 sceptrifer
609 2018 704 2076 totus
722 2004 852 2077 militiae
867 2005 1008 2078 deditus
1020 2021 1108 2095 erat,
1120 2021 1157 2079 et
1170 2008 1335 2106 optiones
1345 2031 1387 2078 ac

328 2119 498 2218 probatos
523 2119 671 2192 athletas
702 2122 879 2220 praecipue
906 2121 1094 2218 diligebat,
1127 2135 1163 2194 et
1193 2122 1385 2194 electorum

327 2235 520 2334 phalanges
535 2237 696 2334 equitum
708 2237 907 2310 honorilice
920 2263 1041 2310 secum
1057 2238 1224 2311 ducebat.
1246 2239 1317 2312 lllis
1334 2241 1388 2312 ni·

327 2351 458 2424 mirum
484 2353 649 2450 stipatus,
675 2354 704 2424 si
721 2357 830 2427 Gaius
849 2355 960 2427 Julius
979 2359 1092 2426 Caesar
1114 2378 1198 2425 cum
1224 2356 1386 2427 Ausoniis

318 2465 532 2539 cohortibus
550 2467 754 2558 obstitisset,
775 2469 878 2566 eique
894 2468 1067 2565 injustum
1082 2467 1172 2566 quid
1185 2467 1315 2541 inferre
1326 2495 1386 2542 co-

325 2597 432 2658 natus
448 2583 588 2675 luisset,
609 2609 757 2656 suorum
774 2584 902 2683 procul
915 2584 1027 2657 dubio
1039 2585 1131 2656 vires
1148 2601 1184 2656 et
1199 2584 1384 2658 audaciam

325 2699 483 2771 tironum
506 2699 708 2772 comminus
734 2700 771 2770 in
798 2699 897 2771 illum
919 2702 1070 2800 experiri
1092 2703 1381 2798 presumpsisset.

325 2814 527 2888 Rodbertus
537 2814 769 2887 belesmensis
785 2817 952 2915 princeps
963 2816 1094 2888 militiae
1103 2815 1209 2912 hujus
1219 2830 1308 2906 erat3
1325 2841 1386 2888 cu·

321 2933 379 3027 jus
392 2931 491 3003 lavor
507 2955 589 3029 erga
599 2955 719 3028 regem
735 2947 770 3002 et
788 2931 960 3003 calliditas
978 2957 1051 3030 prae
1070 2933 1204 3005 caeteris
1228 2931 1380 3028 vigebat.

324 3045 473 3142 insignis
489 3048 613 3119 consul
629 3049 801 3120 Heuricus
819 3047 926 3120 irater
942 3049 1034 3145 regis
1051 3066 1086 3122 et
1101 3049 1311 3122 Guillelmus
1324 3072 1385 3119 co-

325 3183 400 3232 mes
423 3159 666 3252 Ebroicensis,
690 3168 792 3261 Hugo
820 3165 1013 3236 Castrensis
1042 3165 1098 3263 (2)
1122 3181 1158 3238 et
1185 3164 1385 3237 Gualterius

361 3422 401 3494 (l)
420 3421 445 3478 ll
460 3441 497 3478 ne
512 3423 573 3478 taut
586 3441 634 3496 pas
647 3423 794 3494 prendrei
809 3425 833 3480 la
849 3424 930 3482 lettre
946 3443 990 3480 ces
1002 3426 1111 3498 paroles
1126 3423 1161 3480 de
1176 3435 1257 3480 notre
1273 3435 1381 3481 auteur.

324 3510 394 3567 Sans
408 3510 494 3568 doute
505 3511 723 3567 louis-le-Gros
735 3512 831 3568 n'etait
844 3531 905 3587 pas,
925 3533 960 3569 en
978 3515 1058 3582 4097,
1071 3533 1108 3568 en
1120 3516 1176 3570 etat
1189 3512 1225 3569 de
1242 3513 1316 3569 tenir
1327 3514 1383 3568 tite

324 3597 482 3673 longtemps
494 3602 509 3654 a
523 3618 561 3654 un
575 3599 730 3655 adversaire
742 3602 814 3655 aussi
827 3601 989 3658 redoutable
1001 3621 1055 3678 que
1067 3601 1381 3669 Guillaumeleboun

325 3688 403 3756 mais,
417 3705 525 3742 commo
540 3687 559 3742 il
571 3689 643 3743 avait
656 3687 691 3743 de
703 3687 836 3743 dix-neul
844 3691 859 3743 a
871 3691 950 3764 vingt
960 3708 1019 3760 ans,
1033 3703 1061 3747 et
1073 3693 1139 3767 qu’il
1151 3693 1337 3748 commandait
1348 3710 1383 3747 au

324 3778 464 3832 contraire
476 3776 587 3832 l'armde
599 3777 758 3848 Francaise,
774 3774 795 3829 il
808 3785 849 3830 est
862 3787 924 3832 tout
937 3782 953 3834 a
964 3778 1014 3833 fait
1026 3780 1133 3835 inexact
1144 3778 1180 3834 de
1190 3778 1217 3836 le
1231 3779 1383 3854 depeindre

324 3881 432 3920 comme
448 3883 487 3920 uu
503 3865 609 3920 erilant.
624 3864 702 3919 Nous
719 3881 833 3920 verrens
849 3863 958 3922 bientbt
970 3885 1038 3943 que,
1053 3867 1160 3942 malgre
1175 3866 1201 3923 la
1217 3867 1383 3942 superiorite

324 3950 524 4006 incontestable
540 3950 578 4005 du
598 3952 639 4006 roi
658 3949 851 4024 d’Angleterre
867 3969 903 4006 en
919 3962 982 4008 tous
1000 3955 1106 4028 points,
1122 3953 1162 4010 les
1179 3955 1272 4010 succis
1288 3953 1383 4008 iurent

323 4039 451 4095 mlauces
464 4039 532 4096 daus
545 4049 618 4094 cette
630 4055 791 4113 campagne.

360 4134 400 4198 (2)
419 4131 535 4202 Hugue,
552 4139 642 4184 comte
655 4126 690 4183 de
703 4128 832 4186 Chester.
845 4127 1027 4204 Ceteigneur
1039 4127 1278 4186 devastarentur
1290 4128 1382 4201 tgset

324 4218 388 4274 bien
402 4217 483 4273 lourd
497 4236 530 4270 eu
547 4221 624 4276 tuat.
641 4217 663 4271 ll
679 4227 793 4273 mourut
805 4235 839 4274 ea
856 4215 934 4274 ll0l.
