<?xml version="1.0" encoding="UTF-8"?>
<!DOCTYPE html PUBLIC "-//W3C//DTD XHTML 1.0 Transitional//EN"
    "http://www.w3.org/TR/xhtml1/DTD/xhtml1-transitional.dtd">
<html xmlns="http://www.w3.org/1999/xhtml" xml:lang="en" lang="en">
 <head>
  <title>
</title>
<meta http-equiv="Content-Type" content="text/html;charset=utf-8" />
  <meta name='ocr-system' content='tesseract 3.04.00' />
  <meta name='ocr-capabilities' content='ocr_page ocr_carea ocr_par ocr_line ocrx_word'/>
</head>
<body>
  <div class='ocr_page' id='page_1' title='image "./ordericivitalis07deligoog/ordericivitalis07deligoog_0237.png"; bbox 0 0 2888 4934; ppageno 0'>
   <div class='ocr_carea' id='block_1_1' title="bbox 193 404 1247 491">
    <p class='ocr_par' dir='ltr' id='par_1_1' title="bbox 193 404 1247 491">
     <span class='ocr_line' id='line_1_1' title="bbox 193 404 1247 491; baseline 0.009 -26"><span class='ocrx_word' id='word_1_1' title='bbox 193 404 255 465; x_wconf 66' lang='grc'>111</span> <span class='ocrx_word' id='word_1_2' title='bbox 467 407 653 468; x_wconf 72' lang='lat' dir='ltr'>HISTORIA</span> <span class='ocrx_word' id='word_1_3' title='bbox 675 406 983 468; x_wconf 69' lang='lat' dir='ltr'>scelestsstlcs.</span> <span class='ocrx_word' id='word_1_4' title='bbox 1144 413 1247 491; x_wconf 76' lang='grc'><strong>[11116]</strong></span> 
     </span>
    </p>
   </div>
   <div class='ocr_carea' id='block_1_2' title="bbox 188 534 1255 2477">
    <p class='ocr_par' dir='ltr' id='par_1_2' title="bbox 190 534 1254 1440">
     <span class='ocr_line' id='line_1_2' title="bbox 193 534 1250 635; baseline 0.01 -31"><span class='ocrx_word' id='word_1_5' title='bbox 193 534 366 605; x_wconf 76' lang='lat' dir='ltr'>Dimissus</span> <span class='ocrx_word' id='word_1_6' title='bbox 383 535 501 632; x_wconf 88' lang='lat' dir='ltr'>itaque</span> <span class='ocrx_word' id='word_1_7' title='bbox 520 551 679 634; x_wconf 87' lang='lat' dir='ltr'>apostata</span> <span class='ocrx_word' id='word_1_8' title='bbox 704 536 866 635; x_wconf 90' lang='lat' dir='ltr'>protinus</span> <span class='ocrx_word' id='word_1_9' title='bbox 888 536 934 608; x_wconf 89' lang='lat' dir='ltr'>ad</span> <span class='ocrx_word' id='word_1_10' title='bbox 958 540 1129 628; x_wconf 81' lang='lat' dir='ltr'>Francos,</span> <span class='ocrx_word' id='word_1_11' title='bbox 1157 541 1250 615; x_wconf 85' lang='lat' dir='ltr'>uude</span> 
     </span>
     <span class='ocr_line' id='line_1_3' title="bbox 193 648 1251 752; baseline 0.003 -30"><span class='ocrx_word' id='word_1_12' title='bbox 193 664 284 739; x_wconf 91' lang='lat' dir='ltr'>erat,</span> <span class='ocrx_word' id='word_1_13' title='bbox 306 673 389 719; x_wconf 90' lang='lat' dir='ltr'>cum</span> <span class='ocrx_word' id='word_1_14' title='bbox 406 648 583 722; x_wconf 79' lang='lat' dir='ltr'>dedecore</span> <span class='ocrx_word' id='word_1_15' title='bbox 601 653 753 749; x_wconf 80' lang='lat' dir='ltr'><strong>aufugit,</strong></span> <span class='ocrx_word' id='word_1_16' title='bbox 776 666 812 724; x_wconf 91' lang='lat' dir='ltr'>et</span> <span class='ocrx_word' id='word_1_17' title='bbox 827 653 1099 751; x_wconf 71' lang='lat' dir='ltr'>preposituram</span> <span class='ocrx_word' id='word_1_18' title='bbox 1117 660 1251 752; x_wconf 67' lang='lat' dir='ltr'>Argen»</span> 
     </span>
     <span class='ocr_line' id='line_1_4' title="bbox 193 762 1252 867; baseline 0.008 -31"><span class='ocrx_word' id='word_1_19' title='bbox 193 764 267 837; x_wconf 91' lang='lat' dir='ltr'>tolii</span> <span class='ocrx_word' id='word_1_20' title='bbox 283 762 349 860; x_wconf 87' lang='lat' dir='ltr'>(l),</span> <span class='ocrx_word' id='word_1_21' title='bbox 370 764 454 861; x_wconf 91' lang='lat' dir='ltr'>quia</span> <span class='ocrx_word' id='word_1_22' title='bbox 471 766 706 839; x_wconf 80' lang='lat' dir='ltr'>monachatus</span> <span class='ocrx_word' id='word_1_23' title='bbox 721 768 879 864; x_wconf 88' lang='lat' dir='ltr'>quietem</span> <span class='ocrx_word' id='word_1_24' title='bbox 892 791 976 839; x_wconf 90' lang='lat' dir='ltr'>eum</span> <span class='ocrx_word' id='word_1_25' title='bbox 990 784 1203 867; x_wconf 84' lang='lat' dir='ltr'>paupertate</span> <span class='ocrx_word' id='word_1_26' title='bbox 1216 772 1252 845; x_wconf 87' lang='lat' dir='ltr'>in</span> 
     </span>
     <span class='ocr_line' id='line_1_5' title="bbox 191 878 1253 979; baseline 0.009 -31"><span class='ocrx_word' id='word_1_27' title='bbox 191 878 345 951; x_wconf 89' lang='lat' dir='ltr'>claustro</span> <span class='ocrx_word' id='word_1_28' title='bbox 363 878 454 951; x_wconf 89' lang='lat' dir='ltr'>serre</span> <span class='ocrx_word' id='word_1_29' title='bbox 471 880 681 977; x_wconf 83' lang='lat' dir='ltr'>negligebat,</span> <span class='ocrx_word' id='word_1_30' title='bbox 702 881 870 953; x_wconf 85' lang='lat' dir='ltr'>obtinuit.</span> <span class='ocrx_word' id='word_1_31' title='bbox 890 885 1052 979; x_wconf 90' lang='lat' dir='ltr'>Cumque</span> <span class='ocrx_word' id='word_1_32' title='bbox 1067 883 1106 955; x_wconf 94' lang='lat' dir='ltr'>in</span> <span class='ocrx_word' id='word_1_33' title='bbox 1122 884 1253 959; x_wconf 82' lang='lat' dir='ltr'>eodem</span> 
     </span>
     <span class='ocr_line' id='line_1_6' title="bbox 190 995 1254 1095; baseline 0.011 -32"><span class='ocrx_word' id='word_1_34' title='bbox 190 1018 287 1066; x_wconf 88' lang='lat' dir='ltr'>anno</span> <span class='ocrx_word' id='word_1_35' title='bbox 312 995 506 1092; x_wconf 88' lang='lat' dir='ltr'>quemdam</span> <span class='ocrx_word' id='word_1_36' title='bbox 528 996 730 1069; x_wconf 87' lang='lat' dir='ltr'>lobannem</span> <span class='ocrx_word' id='word_1_37' title='bbox 751 996 889 1094; x_wconf 88' lang='lat' dir='ltr'>placitis</span> <span class='ocrx_word' id='word_1_38' title='bbox 915 999 1193 1095; x_wconf 88' lang='lat' dir='ltr'>constringeret,</span> <span class='ocrx_word' id='word_1_39' title='bbox 1217 1014 1254 1075; x_wconf 85' lang='lat' dir='ltr'>et</span> 
     </span>
     <span class='ocr_line' id='line_1_7' title="bbox 191 1111 1251 1212; baseline 0.008 -32"><span class='ocrx_word' id='word_1_40' title='bbox 191 1111 312 1182; x_wconf 87' lang='lat' dir='ltr'>nescio</span> <span class='ocrx_word' id='word_1_41' title='bbox 336 1136 424 1208; x_wconf 91' lang='lat' dir='ltr'>quas</span> <span class='ocrx_word' id='word_1_42' title='bbox 448 1111 726 1184; x_wconf 88' lang='lat' dir='ltr'>consuetudines</span> <span class='ocrx_word' id='word_1_43' title='bbox 751 1112 796 1184; x_wconf 93' lang='lat' dir='ltr'>ab</span> <span class='ocrx_word' id='word_1_44' title='bbox 819 1136 863 1184; x_wconf 91' lang='lat' dir='ltr'>eo</span> <span class='ocrx_word' id='word_1_45' title='bbox 883 1112 1058 1185; x_wconf 88' lang='lat' dir='ltr'>violenter</span> <span class='ocrx_word' id='word_1_46' title='bbox 1077 1115 1251 1212; x_wconf 84' lang='lat' dir='ltr'>exigeret,</span> 
     </span>
     <span class='ocr_line' id='line_1_8' title="bbox 192 1226 1250 1325; baseline 0.008 -31"><span class='ocrx_word' id='word_1_47' title='bbox 192 1227 242 1297; x_wconf 88' lang='lat' dir='ltr'>ira</span> <span class='ocrx_word' id='word_1_48' title='bbox 260 1226 417 1317; x_wconf 81' lang='lat' dir='ltr'>furente,</span> <span class='ocrx_word' id='word_1_49' title='bbox 442 1228 630 1325; x_wconf 86' lang='lat' dir='ltr'>apraelato</span> <span class='ocrx_word' id='word_1_50' title='bbox 653 1251 808 1325; x_wconf 86' lang='lat' dir='ltr'>pagense</span> <span class='ocrx_word' id='word_1_51' title='bbox 824 1251 1012 1325; x_wconf 89' lang='lat' dir='ltr'>percussus</span> <span class='ocrx_word' id='word_1_52' title='bbox 1033 1243 1104 1319; x_wconf 87' lang='lat' dir='ltr'>est,</span> <span class='ocrx_word' id='word_1_53' title='bbox 1129 1244 1169 1300; x_wconf 93' lang='lat' dir='ltr'>et</span> <span class='ocrx_word' id='word_1_54' title='bbox 1184 1230 1250 1319; x_wconf 88' lang='lat' dir='ltr'>ita,</span> 
     </span>
     <span class='ocr_line' id='line_1_9' title="bbox 190 1340 1251 1440; baseline 0.006 -29"><span class='ocrx_word' id='word_1_55' title='bbox 190 1340 410 1438; x_wconf 83' lang='lat' dir='ltr'>exigentibus</span> <span class='ocrx_word' id='word_1_56' title='bbox 423 1342 549 1440; x_wconf 88' lang='lat' dir='ltr'>culpis,</span> <span class='ocrx_word' id='word_1_57' title='bbox 561 1344 637 1415; x_wconf 87' lang='lat' dir='ltr'>sine</span> <span class='ocrx_word' id='word_1_58' title='bbox 646 1342 853 1440; x_wconf 80' lang='lat' dir='ltr'>poenitentia</span> <span class='ocrx_word' id='word_1_59' title='bbox 862 1343 969 1414; x_wconf 87' lang='lat' dir='ltr'>miser</span> <span class='ocrx_word' id='word_1_60' title='bbox 978 1343 1177 1416; x_wconf 85' lang='lat' dir='ltr'>trucidatus</span> <span class='ocrx_word' id='word_1_61' title='bbox 1185 1358 1251 1417; x_wconf 67' lang='lat' dir='ltr'>at.</span> 
     </span>
    </p>

    <p class='ocr_par' dir='ltr' id='par_1_3' title="bbox 188 1458 1255 2477">
     <span class='ocr_line' id='line_1_10' title="bbox 238 1458 1253 1533; baseline 0.008 -7"><span class='ocrx_word' id='word_1_62' title='bbox 238 1461 314 1527; x_wconf 86' lang='lat' dir='ltr'>XX.</span> <span class='ocrx_word' id='word_1_63' title='bbox 336 1461 537 1529; x_wconf 81' lang='lat' dir='ltr'>Autumnus</span> <span class='ocrx_word' id='word_1_64' title='bbox 556 1473 641 1529; x_wconf 91' lang='lat' dir='ltr'>tuuc</span> <span class='ocrx_word' id='word_1_65' title='bbox 658 1458 694 1528; x_wconf 89' lang='lat' dir='ltr'>iu</span> <span class='ocrx_word' id='word_1_66' title='bbox 713 1458 931 1530; x_wconf 90' lang='lat' dir='ltr'>Normannia</span> <span class='ocrx_word' id='word_1_67' title='bbox 949 1459 1115 1530; x_wconf 87' lang='lat' dir='ltr'>tonitruis</span> <span class='ocrx_word' id='word_1_68' title='bbox 1131 1474 1169 1532; x_wconf 93' lang='lat' dir='ltr'>et</span> <span class='ocrx_word' id='word_1_69' title='bbox 1185 1460 1253 1533; x_wconf 87' lang='lat' dir='ltr'>im·</span> 
     </span>
     <span class='ocr_line' id='line_1_11' title="bbox 190 1569 1254 1672; baseline 0.008 -32"><span class='ocrx_word' id='word_1_70' title='bbox 190 1569 313 1642; x_wconf 85' lang='lat' dir='ltr'>bribus</span> <span class='ocrx_word' id='word_1_71' title='bbox 337 1586 444 1670; x_wconf 90' lang='lat' dir='ltr'>atque</span> <span class='ocrx_word' id='word_1_72' title='bbox 463 1571 565 1645; x_wconf 88' lang='lat' dir='ltr'>bellis</span> <span class='ocrx_word' id='word_1_73' title='bbox 589 1588 850 1670; x_wconf 88' lang='lat' dir='ltr'>tempestuosus</span> <span class='ocrx_word' id='word_1_74' title='bbox 875 1573 962 1662; x_wconf 81' lang='lat' dir='ltr'>luit,</span> <span class='ocrx_word' id='word_1_75' title='bbox 989 1587 1024 1645; x_wconf 91' lang='lat' dir='ltr'>et</span> <span class='ocrx_word' id='word_1_76' title='bbox 1047 1573 1254 1672; x_wconf 84' lang='lat' dir='ltr'>praeliorum</span> 
     </span>
     <span class='ocr_line' id='line_1_12' title="bbox 190 1688 1255 1788; baseline 0.008 -31"><span class='ocrx_word' id='word_1_77' title='bbox 190 1690 315 1779; x_wconf 81' lang='lat' dir='ltr'>lomes,</span> <span class='ocrx_word' id='word_1_78' title='bbox 326 1688 581 1787; x_wconf 85' lang='lat' dir='ltr'>multiplicibus</span> <span class='ocrx_word' id='word_1_79' title='bbox 592 1690 707 1760; x_wconf 90' lang='lat' dir='ltr'>causis</span> <span class='ocrx_word' id='word_1_80' title='bbox 718 1688 825 1778; x_wconf 84' lang='lat' dir='ltr'>sotus,</span> <span class='ocrx_word' id='word_1_81' title='bbox 839 1688 957 1786; x_wconf 86' lang='lat' dir='ltr'>palam</span> <span class='ocrx_word' id='word_1_82' title='bbox 966 1690 1145 1788; x_wconf 89' lang='lat' dir='ltr'>prorupit.</span> <span class='ocrx_word' id='word_1_83' title='bbox 1159 1688 1255 1765; x_wconf 80' lang='lat' dir='ltr'>Rod-</span> 
     </span>
     <span class='ocr_line' id='line_1_13' title="bbox 189 1802 1254 1903; baseline 0.006 -30"><span class='ocrx_word' id='word_1_84' title='bbox 189 1802 291 1875; x_wconf 88' lang='lat' dir='ltr'>berto</span> <span class='ocrx_word' id='word_1_85' title='bbox 310 1805 486 1903; x_wconf 89' lang='lat' dir='ltr'>siquidem</span> <span class='ocrx_word' id='word_1_86' title='bbox 504 1805 588 1877; x_wconf 90' lang='lat' dir='ltr'>duci</span> <span class='ocrx_word' id='word_1_87' title='bbox 604 1803 806 1877; x_wconf 86' lang='lat' dir='ltr'>Rodbertus</span> <span class='ocrx_word' id='word_1_88' title='bbox 821 1803 868 1875; x_wconf 90' lang='lat' dir='ltr'>de</span> <span class='ocrx_word' id='word_1_89' title='bbox 885 1803 1038 1877; x_wconf 89' lang='lat' dir='ltr'>Belismo</span> <span class='ocrx_word' id='word_1_90' title='bbox 1055 1820 1091 1877; x_wconf 89' lang='lat' dir='ltr'>et</span> <span class='ocrx_word' id='word_1_91' title='bbox 1107 1804 1254 1879; x_wconf 88' lang='lat' dir='ltr'>Guillel·</span> 
     </span>
     <span class='ocr_line' id='line_1_14' title="bbox 190 1917 1254 2017; baseline 0.006 -30"><span class='ocrx_word' id='word_1_92' title='bbox 190 1942 287 2003; x_wconf 89' lang='lat' dir='ltr'>mus,</span> <span class='ocrx_word' id='word_1_93' title='bbox 311 1942 432 1990; x_wconf 87' lang='lat' dir='ltr'>comes</span> <span class='ocrx_word' id='word_1_94' title='bbox 451 1919 636 2008; x_wconf 84' lang='lat' dir='ltr'>Moritolii,</span> <span class='ocrx_word' id='word_1_95' title='bbox 656 1918 787 2015; x_wconf 90' lang='lat' dir='ltr'>aliique</span> <span class='ocrx_word' id='word_1_96' title='bbox 807 1917 927 2017; x_wconf 90' lang='lat' dir='ltr'>plures</span> <span class='ocrx_word' id='word_1_97' title='bbox 950 1917 1080 1990; x_wconf 81' lang='lat' dir='ltr'>obnixe</span> <span class='ocrx_word' id='word_1_98' title='bbox 1096 1918 1254 1993; x_wconf 78' lang='lat' dir='ltr'>adhaere-</span> 
     </span>
     <span class='ocr_line' id='line_1_15' title="bbox 188 2032 1253 2131; baseline 0.005 -29"><span class='ocrx_word' id='word_1_99' title='bbox 188 2032 289 2123; x_wconf 90' lang='lat' dir='ltr'>bant,</span> <span class='ocrx_word' id='word_1_100' title='bbox 299 2035 382 2131; x_wconf 87' lang='lat' dir='ltr'>quia</span> <span class='ocrx_word' id='word_1_101' title='bbox 391 2058 511 2131; x_wconf 86' lang='lat' dir='ltr'>regem</span> <span class='ocrx_word' id='word_1_102' title='bbox 521 2033 765 2123; x_wconf 75' lang='lat' dir='ltr'>formidantes,</span> <span class='ocrx_word' id='word_1_103' title='bbox 776 2032 867 2104; x_wconf 90' lang='lat' dir='ltr'>illius</span> <span class='ocrx_word' id='word_1_104' title='bbox 874 2033 1093 2131; x_wconf 90' lang='lat' dir='ltr'>jugosubjici</span> <span class='ocrx_word' id='word_1_105' title='bbox 1100 2034 1253 2107; x_wconf 88' lang='lat' dir='ltr'>omnino</span> 
     </span>
     <span class='ocr_line' id='line_1_16' title="bbox 189 2146 1250 2246; baseline 0.005 -28"><span class='ocrx_word' id='word_1_106' title='bbox 189 2147 417 2239; x_wconf 86' lang='lat' dir='ltr'>recusabant,</span> <span class='ocrx_word' id='word_1_107' title='bbox 436 2150 539 2246; x_wconf 89' lang='lat' dir='ltr'>eique</span> <span class='ocrx_word' id='word_1_108' title='bbox 556 2150 640 2222; x_wconf 90' lang='lat' dir='ltr'>totis</span> <span class='ocrx_word' id='word_1_109' title='bbox 656 2146 791 2220; x_wconf 90' lang='lat' dir='ltr'>nisibus</span> <span class='ocrx_word' id='word_1_110' title='bbox 810 2147 1030 2221; x_wconf 88' lang='lat' dir='ltr'>resistebant.</span> <span class='ocrx_word' id='word_1_111' title='bbox 1048 2149 1154 2221; x_wconf 89' lang='lat' dir='ltr'>Unde</span> <span class='ocrx_word' id='word_1_112' title='bbox 1170 2174 1250 2241; x_wconf 79' lang='lat' dir='ltr'>rex,</span> 
     </span>
     <span class='ocr_line' id='line_1_17' title="bbox 188 2262 1253 2360; baseline 0.007 -29"><span class='ocrx_word' id='word_1_113' title='bbox 188 2279 402 2360; x_wconf 85' lang='lat' dir='ltr'>congregata</span> <span class='ocrx_word' id='word_1_114' title='bbox 426 2288 574 2335; x_wconf 92' lang='lat' dir='ltr'>suorum</span> <span class='ocrx_word' id='word_1_115' title='bbox 598 2262 844 2353; x_wconf 89' lang='lat' dir='ltr'>multitudine,</span> <span class='ocrx_word' id='word_1_116' title='bbox 869 2279 1024 2335; x_wconf 87' lang='lat' dir='ltr'>castrum</span> <span class='ocrx_word' id='word_1_117' title='bbox 1044 2278 1171 2337; x_wconf 89' lang='lat' dir='ltr'>contra</span> <span class='ocrx_word' id='word_1_118' title='bbox 1190 2268 1253 2339; x_wconf 82' lang='lat' dir='ltr'>Te·</span> 
     </span>
     <span class='ocr_line' id='line_1_18' title="bbox 189 2376 1253 2477; baseline 0.005 -28"><span class='ocrx_word' id='word_1_119' title='bbox 189 2376 483 2450; x_wconf 86' lang='lat' dir='ltr'>nerebebraicum</span> <span class='ocrx_word' id='word_1_120' title='bbox 513 2380 568 2474; x_wconf 79' lang='lat'>(2)</span> <span class='ocrx_word' id='word_1_121' title='bbox 601 2381 818 2472; x_wconf 82' lang='lat' dir='ltr'>construxit,</span> <span class='ocrx_word' id='word_1_122' title='bbox 848 2379 970 2477; x_wconf 92' lang='lat' dir='ltr'>ibique</span> <span class='ocrx_word' id='word_1_123' title='bbox 1001 2380 1178 2453; x_wconf 84' lang='lat' dir='ltr'>Tbomam</span> <span class='ocrx_word' id='word_1_124' title='bbox 1205 2380 1253 2455; x_wconf 85' lang='lat' dir='ltr'>de</span> 
     </span>
    </p>
   </div>
   <div class='ocr_carea' id='block_1_3' title="bbox 188 2488 1251 2596">
    <p class='ocr_par' dir='ltr' id='par_1_4' title="bbox 188 2488 1251 2596">
     <span class='ocr_line' id='line_1_19' title="bbox 188 2488 1251 2596; baseline 0.011 -35"><span class='ocrx_word' id='word_1_125' title='bbox 188 2498 319 2566; x_wconf 71' lang='lat' dir='ltr'>Sancto</span> <span class='ocrx_word' id='word_1_126' title='bbox 332 2492 495 2566; x_wconf 80' lang='lat' dir='ltr'>iohanne</span> <span class='ocrx_word' id='word_1_127' title='bbox 506 2494 575 2591; x_wconf 82' lang='lat'>(3),</span> <span class='ocrx_word' id='word_1_128' title='bbox 589 2518 672 2566; x_wconf 91' lang='lat' dir='ltr'>cum</span> <span class='ocrx_word' id='word_1_129' title='bbox 684 2488 804 2567; x_wconf 89' lang='lat' dir='ltr'>multis</span> <span class='ocrx_word' id='word_1_130' title='bbox 818 2494 995 2593; x_wconf 82' lang='lat' dir='ltr'>equitibus</span> <span class='ocrx_word' id='word_1_131' title='bbox 1008 2511 1044 2569; x_wconf 93' lang='lat' dir='ltr'>et</span> <span class='ocrx_word' id='word_1_132' title='bbox 1056 2496 1251 2596; x_wconf 71' lang='lat' dir='ltr'>peditibus,</span> 
     </span>
    </p>
   </div>
   <div class='ocr_carea' id='block_1_4' title="bbox 188 2728 1256 4210">
    <p class='ocr_par' dir='ltr' id='par_1_5' title="bbox 188 2728 1255 3767">
     <span class='ocr_line' id='line_1_20' title="bbox 223 2728 1253 2805; baseline 0.002 -20"><span class='ocrx_word' id='word_1_133' title='bbox 223 2729 264 2803; x_wconf 87' lang='lat' dir='ltr'>(l)</span> <span class='ocrx_word' id='word_1_134' title='bbox 284 2729 465 2802; x_wconf 78' lang='lat' dir='ltr'>Argenteuil‚</span> <span class='ocrx_word' id='word_1_135' title='bbox 487 2730 550 2802; x_wconf 74' lang='lat' dir='ltr'>pres</span> <span class='ocrx_word' id='word_1_136' title='bbox 567 2728 656 2783; x_wconf 88' lang='lat' dir='ltr'>Paris.</span> <span class='ocrx_word' id='word_1_137' title='bbox 673 2728 713 2784; x_wconf 88' lang='lat' dir='ltr'>Ce</span> <span class='ocrx_word' id='word_1_138' title='bbox 730 2746 842 2802; x_wconf 82' lang='lat' dir='ltr'>passage</span> <span class='ocrx_word' id='word_1_139' title='bbox 856 2729 891 2784; x_wconf 87' lang='lat' dir='ltr'>de</span> <span class='ocrx_word' id='word_1_140' title='bbox 905 2740 986 2784; x_wconf 89' lang='lat' dir='ltr'>notre</span> <span class='ocrx_word' id='word_1_141' title='bbox 999 2740 1101 2785; x_wconf 86' lang='lat' dir='ltr'>auteur</span> <span class='ocrx_word' id='word_1_142' title='bbox 1115 2730 1189 2787; x_wconf 85' lang='lat' dir='ltr'>n‘est</span> <span class='ocrx_word' id='word_1_143' title='bbox 1204 2746 1253 2805; x_wconf 81' lang='lat' dir='ltr'>pas</span> 
     </span>
     <span class='ocr_line' id='line_1_21' title="bbox 189 2816 1254 2893; baseline 0.002 -22"><span class='ocrx_word' id='word_1_144' title='bbox 189 2818 269 2874; x_wconf 77' lang='lat' dir='ltr'>facile</span> <span class='ocrx_word' id='word_1_145' title='bbox 279 2821 295 2873; x_wconf 82' lang='grc'>1</span> <span class='ocrx_word' id='word_1_146' title='bbox 306 2818 439 2874; x_wconf 80' lang='lat' dir='ltr'>conciliet·</span> <span class='ocrx_word' id='word_1_147' title='bbox 451 2836 515 2873; x_wconf 85' lang='lat' dir='ltr'>avec</span> <span class='ocrx_word' id='word_1_148' title='bbox 525 2837 556 2873; x_wconf 87' lang='lat' dir='ltr'>cs</span> <span class='ocrx_word' id='word_1_149' title='bbox 569 2836 624 2892; x_wconf 90' lang='lat' dir='ltr'>que</span> <span class='ocrx_word' id='word_1_150' title='bbox 635 2835 706 2873; x_wconf 89' lang='lat' dir='ltr'>nous</span> <span class='ocrx_word' id='word_1_151' title='bbox 717 2835 814 2872; x_wconf 77' lang='lat' dir='ltr'>savona</span> <span class='ocrx_word' id='word_1_152' title='bbox 824 2816 863 2871; x_wconf 90' lang='lat' dir='ltr'>du</span> <span class='ocrx_word' id='word_1_153' title='bbox 874 2817 986 2890; x_wconf 75' lang='lat' dir='ltr'>prieurs</span> <span class='ocrx_word' id='word_1_154' title='bbox 995 2817 1191 2890; x_wconf 77' lang='lat' dir='ltr'>d&#39;Argeuteuil</span> <span class='ocrx_word' id='word_1_155' title='bbox 1202 2836 1254 2893; x_wconf 81' lang='lat' dir='ltr'>par</span> 
     </span>
     <span class='ocr_line' id='line_1_22' title="bbox 188 2902 1254 2978; baseline 0.002 -19"><span class='ocrx_word' id='word_1_156' title='bbox 188 2906 227 2960; x_wconf 89' lang='lat' dir='ltr'>les</span> <span class='ocrx_word' id='word_1_157' title='bbox 236 2906 388 2961; x_wconf 85' lang='lat' dir='ltr'>historiens</span> <span class='ocrx_word' id='word_1_158' title='bbox 398 2906 505 2961; x_wconf 86' lang='lat' dir='ltr'>locaux.</span> <span class='ocrx_word' id='word_1_159' title='bbox 521 2904 561 2960; x_wconf 90' lang='lat' dir='ltr'>Ce</span> <span class='ocrx_word' id='word_1_160' title='bbox 571 2904 642 2959; x_wconf 89' lang='lat' dir='ltr'>n’est</span> <span class='ocrx_word' id='word_1_161' title='bbox 652 2906 735 2978; x_wconf 88' lang='lat' dir='ltr'>qu’en</span> <span class='ocrx_word' id='word_1_162' title='bbox 747 2906 815 2962; x_wconf 79' lang='lat'>1⁴29</span> <span class='ocrx_word' id='word_1_163' title='bbox 825 2920 880 2976; x_wconf 91' lang='lat' dir='ltr'>que</span> <span class='ocrx_word' id='word_1_164' title='bbox 891 2903 1015 2976; x_wconf 82' lang='lat' dir='ltr'>l’abbaye</span> <span class='ocrx_word' id='word_1_165' title='bbox 1026 2902 1061 2958; x_wconf 92' lang='lat' dir='ltr'>de</span> <span class='ocrx_word' id='word_1_166' title='bbox 1072 2903 1254 2961; x_wconf 82' lang='lat' dir='ltr'>saint-Deraia</span> 
     </span>
     <span class='ocr_line' id='line_1_23' title="bbox 189 2991 1255 3066; baseline 0.003 -19"><span class='ocrx_word' id='word_1_167' title='bbox 189 2994 279 3066; x_wconf 87' lang='lat' dir='ltr'>reprit</span> <span class='ocrx_word' id='word_1_168' title='bbox 289 2995 444 3066; x_wconf 87' lang='lat' dir='ltr'>possession</span> <span class='ocrx_word' id='word_1_169' title='bbox 459 2992 495 3049; x_wconf 87' lang='lat' dir='ltr'>de</span> <span class='ocrx_word' id='word_1_170' title='bbox 510 2992 633 3065; x_wconf 84' lang='lat' dir='ltr'>l’abbaye</span> <span class='ocrx_word' id='word_1_171' title='bbox 645 2992 681 3048; x_wconf 91' lang='lat' dir='ltr'>de</span> <span class='ocrx_word' id='word_1_172' title='bbox 693 2992 808 3047; x_wconf 76' lang='lat' dir='ltr'>femmas</span> <span class='ocrx_word' id='word_1_173' title='bbox 823 2991 895 3046; x_wconf 84' lang='lat' dir='ltr'>alors</span> <span class='ocrx_word' id='word_1_174' title='bbox 907 2991 1026 3047; x_wconf 79' lang='lat' dir='ltr'>existant</span> <span class='ocrx_word' id='word_1_175' title='bbox 1037 3011 1071 3046; x_wconf 89' lang='lat' dir='ltr'>en</span> <span class='ocrx_word' id='word_1_176' title='bbox 1086 3012 1116 3048; x_wconf 87' lang='lat' dir='ltr'>ce</span> <span class='ocrx_word' id='word_1_177' title='bbox 1128 2991 1187 3049; x_wconf 90' lang='lat' dir='ltr'>lieu</span> <span class='ocrx_word' id='word_1_178' title='bbox 1201 2992 1255 3049; x_wconf 80' lang='lat' dir='ltr'>de·</span> 
     </span>
     <span class='ocr_line' id='line_1_24' title="bbox 190 3079 1255 3156; baseline 0.004 -21"><span class='ocrx_word' id='word_1_179' title='bbox 190 3083 252 3156; x_wconf 93' lang='lat' dir='ltr'>puis</span> <span class='ocrx_word' id='word_1_180' title='bbox 263 3081 402 3155; x_wconf 86' lang='lat' dir='ltr'>plusieurs</span> <span class='ocrx_word' id='word_1_181' title='bbox 416 3081 521 3151; x_wconf 72' lang='lat' dir='ltr'>siecles,</span> <span class='ocrx_word' id='word_1_182' title='bbox 535 3093 565 3137; x_wconf 91' lang='lat' dir='ltr'>et</span> <span class='ocrx_word' id='word_1_183' title='bbox 578 3080 648 3137; x_wconf 90' lang='lat' dir='ltr'>dont</span> <span class='ocrx_word' id='word_1_184' title='bbox 659 3080 699 3136; x_wconf 85' lang='lat' dir='ltr'>les</span> <span class='ocrx_word' id='word_1_185' title='bbox 710 3079 871 3155; x_wconf 87' lang='lat' dir='ltr'>religieuses</span> <span class='ocrx_word' id='word_1_186' title='bbox 882 3080 978 3136; x_wconf 77' lang='lat' dir='ltr'>iurent</span> <span class='ocrx_word' id='word_1_187' title='bbox 988 3083 1121 3152; x_wconf 75' lang='lat' dir='ltr'>envoyees</span> <span class='ocrx_word' id='word_1_188' title='bbox 1131 3081 1174 3137; x_wconf 87' lang='lat' dir='ltr'>les</span> <span class='ocrx_word' id='word_1_189' title='bbox 1184 3099 1255 3139; x_wconf 81' lang='lat' dir='ltr'>unas</span> 
     </span>
     <span class='ocr_line' id='line_1_25' title="bbox 190 3167 1254 3236; baseline 0.003 -14"><span class='ocrx_word' id='word_1_190' title='bbox 190 3187 254 3223; x_wconf 86' lang='lat' dir='ltr'>avec</span> <span class='ocrx_word' id='word_1_191' title='bbox 264 3167 326 3223; x_wconf 87' lang='lat' dir='ltr'>leur</span> <span class='ocrx_word' id='word_1_192' title='bbox 337 3169 450 3224; x_wconf 85' lang='lat' dir='ltr'>abbesse</span> <span class='ocrx_word' id='word_1_193' title='bbox 463 3193 469 3224; x_wconf 91' lang='lat'>:</span> <span class='ocrx_word' id='word_1_194' title='bbox 484 3169 510 3225; x_wconf 86' lang='lat' dir='ltr'>la</span> <span class='ocrx_word' id='word_1_195' title='bbox 523 3169 631 3224; x_wconf 75' lang='lat' dir='ltr'>celebre</span> <span class='ocrx_word' id='word_1_196' title='bbox 643 3168 768 3235; x_wconf 80' lang='lat' dir='ltr'>Hdloise,</span> <span class='ocrx_word' id='word_1_197' title='bbox 784 3185 820 3223; x_wconf 91' lang='lat' dir='ltr'>au</span> <span class='ocrx_word' id='word_1_198' title='bbox 831 3167 967 3236; x_wconf 86' lang='lat' dir='ltr'>Paraclet,</span> <span class='ocrx_word' id='word_1_199' title='bbox 981 3167 1021 3223; x_wconf 87' lang='lat' dir='ltr'>les</span> <span class='ocrx_word' id='word_1_200' title='bbox 1032 3178 1125 3223; x_wconf 85' lang='lat' dir='ltr'>autres</span> <span class='ocrx_word' id='word_1_201' title='bbox 1137 3172 1154 3223; x_wconf 98' lang='grc'>1</span> <span class='ocrx_word' id='word_1_202' title='bbox 1164 3168 1254 3225; x_wconf 80' lang='lat' dir='ltr'>llals-</span> 
     </span>
     <span class='ocr_line' id='line_1_26' title="bbox 191 3254 1255 3331; baseline 0.003 -21"><span class='ocrx_word' id='word_1_203' title='bbox 191 3273 274 3310; x_wconf 88' lang='lat' dir='ltr'>uone.</span> <span class='ocrx_word' id='word_1_204' title='bbox 291 3256 368 3310; x_wconf 88' lang='lat' dir='ltr'>Nous</span> <span class='ocrx_word' id='word_1_205' title='bbox 383 3254 477 3312; x_wconf 87' lang='lat' dir='ltr'>disous</span> <span class='ocrx_word' id='word_1_206' title='bbox 492 3280 498 3311; x_wconf 73' lang='grc' dir='ltr'><strong>ε</strong></span> <span class='ocrx_word' id='word_1_207' title='bbox 514 3258 616 3331; x_wconf 78' lang='lat' dir='ltr'>repsit,</span> <span class='ocrx_word' id='word_1_208' title='bbox 637 3274 719 3330; x_wconf 88' lang='lat' dir='ltr'>parce</span> <span class='ocrx_word' id='word_1_209' title='bbox 735 3273 805 3329; x_wconf 91' lang='lat' dir='ltr'>que,</span> <span class='ocrx_word' id='word_1_210' title='bbox 826 3254 896 3310; x_wconf 90' lang='lat' dir='ltr'>dans</span> <span class='ocrx_word' id='word_1_211' title='bbox 915 3256 1059 3329; x_wconf 88' lang='lat' dir='ltr'>l&#39;origine,</span> <span class='ocrx_word' id='word_1_212' title='bbox 1076 3255 1203 3330; x_wconf 72' lang='lat' dir='ltr'>l&#39;abbaye</span> <span class='ocrx_word' id='word_1_213' title='bbox 1218 3254 1255 3313; x_wconf 81' lang='lat' dir='ltr'>de</span> 
     </span>
     <span class='ocr_line' id='line_1_27' title="bbox 191 3345 1253 3419; baseline 0.003 -19"><span class='ocrx_word' id='word_1_214' title='bbox 191 3346 305 3401; x_wconf 80' lang='lat' dir='ltr'>lemures</span> <span class='ocrx_word' id='word_1_215' title='bbox 319 3346 390 3400; x_wconf 88' lang='lat' dir='ltr'>avait</span> <span class='ocrx_word' id='word_1_216' title='bbox 403 3348 447 3401; x_wconf 74' lang='lat' dir='ltr'>ete</span> <span class='ocrx_word' id='word_1_217' title='bbox 460 3346 553 3419; x_wconf 79' lang='lat' dir='ltr'>placeo</span> <span class='ocrx_word' id='word_1_218' title='bbox 567 3364 631 3401; x_wconf 87' lang='lat' dir='ltr'>sous</span> <span class='ocrx_word' id='word_1_219' title='bbox 645 3345 672 3400; x_wconf 87' lang='lat' dir='ltr'>la</span> <span class='ocrx_word' id='word_1_220' title='bbox 683 3345 850 3417; x_wconf 84' lang='lat' dir='ltr'>juridiction</span> <span class='ocrx_word' id='word_1_221' title='bbox 864 3345 899 3400; x_wconf 89' lang='lat' dir='ltr'>de</span> <span class='ocrx_word' id='word_1_222' title='bbox 912 3345 1101 3400; x_wconf 82' lang='lat' dir='ltr'>saint-Deris.</span> <span class='ocrx_word' id='word_1_223' title='bbox 1115 3345 1159 3400; x_wconf 86' lang='lat' dir='ltr'>En</span> <span class='ocrx_word' id='word_1_224' title='bbox 1171 3348 1185 3401; x_wconf 86' lang='lat' dir='ltr'>l</span> <span class='ocrx_word' id='word_1_225' title='bbox 1190 3346 1253 3412; x_wconf 68' lang='lat' dir='ltr'>m,</span> 
     </span>
     <span class='ocr_line' id='line_1_28' title="bbox 191 3432 1255 3508; baseline 0 -19"><span class='ocrx_word' id='word_1_226' title='bbox 191 3433 239 3490; x_wconf 88' lang='lat' dir='ltr'>des</span> <span class='ocrx_word' id='word_1_227' title='bbox 251 3435 386 3508; x_wconf 81' lang='lat' dir='ltr'>religieux</span> <span class='ocrx_word' id='word_1_228' title='bbox 399 3433 435 3489; x_wconf 88' lang='lat' dir='ltr'>de</span> <span class='ocrx_word' id='word_1_229' title='bbox 447 3435 627 3491; x_wconf 80' lang='lat' dir='ltr'>saint-benis</span> <span class='ocrx_word' id='word_1_230' title='bbox 638 3435 735 3490; x_wconf 77' lang='lat' dir='ltr'>iurent</span> <span class='ocrx_word' id='word_1_231' title='bbox 748 3435 866 3507; x_wconf 74' lang='lat' dir='ltr'>envoyes</span> <span class='ocrx_word' id='word_1_232' title='bbox 879 3434 894 3488; x_wconf 88' lang='grc'>1</span> <span class='ocrx_word' id='word_1_233' title='bbox 906 3432 1072 3507; x_wconf 73' lang='lat' dir='ltr'>Argenteuil</span> <span class='ocrx_word' id='word_1_234' title='bbox 1084 3450 1158 3506; x_wconf 90' lang='lat' dir='ltr'>pour</span> <span class='ocrx_word' id='word_1_235' title='bbox 1169 3450 1255 3489; x_wconf 85' lang='lat' dir='ltr'>occu·</span> 
     </span>
     <span class='ocr_line' id='line_1_29' title="bbox 190 3521 1253 3598; baseline 0.003 -20"><span class='ocrx_word' id='word_1_236' title='bbox 190 3542 241 3597; x_wconf 85' lang='lat' dir='ltr'>per</span> <span class='ocrx_word' id='word_1_237' title='bbox 251 3523 277 3579; x_wconf 88' lang='lat' dir='ltr'>la</span> <span class='ocrx_word' id='word_1_238' title='bbox 290 3524 411 3589; x_wconf 87' lang='lat' dir='ltr'>mais0n;</span> <span class='ocrx_word' id='word_1_239' title='bbox 431 3523 500 3578; x_wconf 87' lang='lat' dir='ltr'>mais</span> <span class='ocrx_word' id='word_1_240' title='bbox 512 3541 543 3577; x_wconf 88' lang='lat' dir='ltr'>ce</span> <span class='ocrx_word' id='word_1_241' title='bbox 557 3542 592 3578; x_wconf 87' lang='lat' dir='ltr'>ne</span> <span class='ocrx_word' id='word_1_242' title='bbox 606 3524 651 3579; x_wconf 86' lang='lat' dir='ltr'>fut</span> <span class='ocrx_word' id='word_1_243' title='bbox 662 3523 791 3598; x_wconf 70' lang='lat' dir='ltr'>qu&#39;aprds</span> <span class='ocrx_word' id='word_1_244' title='bbox 807 3522 842 3577; x_wconf 88' lang='lat' dir='ltr'>de</span> <span class='ocrx_word' id='word_1_245' title='bbox 859 3522 939 3595; x_wconf 86' lang='lat' dir='ltr'>longs</span> <span class='ocrx_word' id='word_1_246' title='bbox 956 3521 1067 3589; x_wconf 76' lang='lat' dir='ltr'>ddbats,</span> <span class='ocrx_word' id='word_1_247' title='bbox 1082 3530 1111 3577; x_wconf 94' lang='lat' dir='ltr'>et</span> <span class='ocrx_word' id='word_1_248' title='bbox 1121 3540 1160 3577; x_wconf 86' lang='lat' dir='ltr'>en</span> <span class='ocrx_word' id='word_1_249' title='bbox 1171 3524 1253 3590; x_wconf 70' lang='grc'><strong>11111,</strong></span> 
     </span>
     <span class='ocr_line' id='line_1_30' title="bbox 191 3608 1255 3685; baseline 0.001 -20"><span class='ocrx_word' id='word_1_250' title='bbox 191 3610 403 3685; x_wconf 83' lang='lat' dir='ltr'>qu’Argenteuil</span> <span class='ocrx_word' id='word_1_251' title='bbox 414 3610 510 3666; x_wconf 88' lang='lat' dir='ltr'>devint</span> <span class='ocrx_word' id='word_1_252' title='bbox 523 3611 719 3684; x_wconf 88' lang='lat' dir='ltr'>positivement</span> <span class='ocrx_word' id='word_1_253' title='bbox 731 3628 769 3664; x_wconf 93' lang='lat' dir='ltr'>un</span> <span class='ocrx_word' id='word_1_254' title='bbox 781 3611 893 3684; x_wconf 91' lang='lat' dir='ltr'>prieure&#39;</span> <span class='ocrx_word' id='word_1_255' title='bbox 905 3610 941 3664; x_wconf 91' lang='lat' dir='ltr'>de</span> <span class='ocrx_word' id='word_1_256' title='bbox 952 3609 1143 3665; x_wconf 79' lang='lat' dir='ltr'>Salat-Deris.</span> <span class='ocrx_word' id='word_1_257' title='bbox 1159 3608 1255 3682; x_wconf 78' lang='lat' dir='ltr'>Voyez</span> 
     </span>
     <span class='ocr_line' id='line_1_31' title="bbox 191 3700 796 3767; baseline -0.005 -11"><span class='ocrx_word' id='word_1_258' title='bbox 191 3701 309 3761; x_wconf 81' lang='lat' dir='ltr'>Lebeul.</span> <span class='ocrx_word' id='word_1_259' title='bbox 323 3700 397 3759; x_wconf 77' lang='lat' dir='ltr'>Ilist.</span> <span class='ocrx_word' id='word_1_260' title='bbox 411 3700 451 3755; x_wconf 85' lang='lat' dir='ltr'>du</span> <span class='ocrx_word' id='word_1_261' title='bbox 463 3700 533 3755; x_wconf 72' lang='lat' dir='ltr'>debs.</span> <span class='ocrx_word' id='word_1_262' title='bbox 546 3700 582 3755; x_wconf 77' lang='lat' dir='ltr'>dc</span> <span class='ocrx_word' id='word_1_263' title='bbox 594 3701 693 3767; x_wconf 81' lang='lat' dir='ltr'>Paris,</span> <span class='ocrx_word' id='word_1_264' title='bbox 708 3710 728 3754; x_wconf 95' lang='lat' dir='ltr'>t.</span> <span class='ocrx_word' id='word_1_265' title='bbox 742 3700 796 3756; x_wconf 86' lang='lat' dir='ltr'>IV.</span> 
     </span>
    </p>

    <p class='ocr_par' dir='ltr' id='par_1_6' title="bbox 192 3786 1256 4128">
     <span class='ocr_line' id='line_1_32' title="bbox 227 3786 1256 3861; baseline -0.007 -13"><span class='ocrx_word' id='word_1_266' title='bbox 227 3793 264 3861; x_wconf 78' lang='lat'>(2)</span> <span class='ocrx_word' id='word_1_267' title='bbox 283 3789 468 3856; x_wconf 85' lang='lat' dir='ltr'>Tincbebrai,</span> <span class='ocrx_word' id='word_1_268' title='bbox 492 3788 727 3844; x_wconf 87' lang='lat' dir='ltr'>arroudissement</span> <span class='ocrx_word' id='word_1_269' title='bbox 746 3787 781 3842; x_wconf 90' lang='lat' dir='ltr'>de</span> <span class='ocrx_word' id='word_1_270' title='bbox 802 3786 967 3854; x_wconf 82' lang='lat' dir='ltr'>Demiront,</span> <span class='ocrx_word' id='word_1_271' title='bbox 990 3786 1062 3840; x_wconf 80' lang='lat' dir='ltr'>situd</span> <span class='ocrx_word' id='word_1_272' title='bbox 1081 3791 1162 3840; x_wconf 86' lang='lat' dir='ltr'>entre</span> <span class='ocrx_word' id='word_1_273' title='bbox 1181 3794 1256 3841; x_wconf 81' lang='lat' dir='ltr'>cette</span> 
     </span>
     <span class='ocr_line' id='line_1_33' title="bbox 192 3872 1255 3948; baseline -0.004 -15"><span class='ocrx_word' id='word_1_274' title='bbox 192 3879 263 3947; x_wconf 84' lang='lat' dir='ltr'>ville,</span> <span class='ocrx_word' id='word_1_275' title='bbox 279 3879 349 3934; x_wconf 87' lang='lat' dir='ltr'>Vire</span> <span class='ocrx_word' id='word_1_276' title='bbox 368 3888 396 3933; x_wconf 89' lang='lat' dir='ltr'>et</span> <span class='ocrx_word' id='word_1_277' title='bbox 412 3877 536 3933; x_wconf 83' lang='lat' dir='ltr'>llriouse.</span> <span class='ocrx_word' id='word_1_278' title='bbox 554 3876 655 3931; x_wconf 78' lang='lat' dir='ltr'>C&#39;s&#39;etait</span> <span class='ocrx_word' id='word_1_279' title='bbox 670 3875 742 3931; x_wconf 91' lang='lat' dir='ltr'>alors</span> <span class='ocrx_word' id='word_1_280' title='bbox 759 3874 862 3948; x_wconf 86' lang='lat' dir='ltr'>l’usags</span> <span class='ocrx_word' id='word_1_281' title='bbox 873 3872 909 3928; x_wconf 92' lang='lat' dir='ltr'>de</span> <span class='ocrx_word' id='word_1_282' title='bbox 920 3873 995 3928; x_wconf 75' lang='lat' dir='ltr'>hitir</span> <span class='ocrx_word' id='word_1_283' title='bbox 1007 3873 1056 3928; x_wconf 90' lang='lat' dir='ltr'>des</span> <span class='ocrx_word' id='word_1_284' title='bbox 1069 3872 1255 3929; x_wconf 66' lang='lat' dir='ltr'>contre-sbi·</span> 
     </span>
     <span class='ocr_line' id='line_1_34' title="bbox 192 3960 1254 4038; baseline -0.005 -16"><span class='ocrx_word' id='word_1_285' title='bbox 192 3981 283 4035; x_wconf 82' lang='lat' dir='ltr'>teaur,</span> <span class='ocrx_word' id='word_1_286' title='bbox 297 3968 319 4022; x_wconf 87' lang='lat' dir='ltr'>si</span> <span class='ocrx_word' id='word_1_287' title='bbox 333 3984 403 4020; x_wconf 88' lang='lat' dir='ltr'>nous</span> <span class='ocrx_word' id='word_1_288' title='bbox 415 3983 499 4020; x_wconf 91' lang='lat' dir='ltr'>osons</span> <span class='ocrx_word' id='word_1_289' title='bbox 509 3982 579 4019; x_wconf 90' lang='lat' dir='ltr'>nous</span> <span class='ocrx_word' id='word_1_290' title='bbox 590 3965 731 4038; x_wconf 79' lang='lat' dir='ltr'>exprimet·</span> <span class='ocrx_word' id='word_1_291' title='bbox 743 3963 822 4029; x_wconf 88' lang='lat' dir='ltr'>ainsi,</span> <span class='ocrx_word' id='word_1_292' title='bbox 836 3981 908 4036; x_wconf 89' lang='lat' dir='ltr'>pour</span> <span class='ocrx_word' id='word_1_293' title='bbox 920 3963 994 4017; x_wconf 89' lang='lat' dir='ltr'>tenir</span> <span class='ocrx_word' id='word_1_294' title='bbox 1007 3980 1043 4016; x_wconf 89' lang='lat' dir='ltr'>en</span> <span class='ocrx_word' id='word_1_295' title='bbox 1056 3961 1138 4017; x_wconf 85' lang='lat' dir='ltr'>bride</span> <span class='ocrx_word' id='word_1_296' title='bbox 1148 3972 1180 4018; x_wconf 86' lang='lat' dir='ltr'>et</span> <span class='ocrx_word' id='word_1_297' title='bbox 1191 3960 1254 4017; x_wconf 88' lang='lat' dir='ltr'>blo-</span> 
     </span>
     <span class='ocr_line' id='line_1_35' title="bbox 192 4049 1045 4128; baseline -0.007 -18"><span class='ocrx_word' id='word_1_298' title='bbox 192 4075 261 4128; x_wconf 90' lang='lat' dir='ltr'>quer</span> <span class='ocrx_word' id='word_1_299' title='bbox 272 4055 311 4111; x_wconf 88' lang='lat' dir='ltr'>les</span> <span class='ocrx_word' id='word_1_300' title='bbox 322 4054 465 4128; x_wconf 88' lang='lat' dir='ltr'>garnisons</span> <span class='ocrx_word' id='word_1_301' title='bbox 477 4053 562 4127; x_wconf 88' lang='lat' dir='ltr'>qu’on</span> <span class='ocrx_word' id='word_1_302' title='bbox 574 4072 609 4107; x_wconf 93' lang='lat' dir='ltr'>ne</span> <span class='ocrx_word' id='word_1_303' title='bbox 624 4054 736 4126; x_wconf 86' lang='lat' dir='ltr'>pouvait</span> <span class='ocrx_word' id='word_1_304' title='bbox 748 4069 861 4108; x_wconf 87' lang='lat' dir='ltr'>amener</span> <span class='ocrx_word' id='word_1_305' title='bbox 873 4055 888 4106; x_wconf 94' lang='grc'>1</span> <span class='ocrx_word' id='word_1_306' title='bbox 901 4049 1045 4124; x_wconf 88' lang='lat' dir='ltr'>capituler.</span> 
     </span>
    </p>

    <p class='ocr_par' dir='ltr' id='par_1_7' title="bbox 228 4136 1253 4210">
     <span class='ocr_line' id='line_1_36' title="bbox 228 4136 1253 4210; baseline -0.005 -12"><span class='ocrx_word' id='word_1_307' title='bbox 228 4149 267 4210; x_wconf 80' lang='lat'>(³)</span> <span class='ocrx_word' id='word_1_308' title='bbox 285 4145 407 4198; x_wconf 79' lang='lat' dir='ltr'>&#39;l&#39;homas</span> <span class='ocrx_word' id='word_1_309' title='bbox 420 4142 455 4197; x_wconf 89' lang='lat' dir='ltr'>de</span> <span class='ocrx_word' id='word_1_310' title='bbox 469 4141 827 4208; x_wconf 73' lang='lat' dir='ltr'>saint-Jem-le-Thomas,</span> <span class='ocrx_word' id='word_1_311' title='bbox 842 4150 922 4195; x_wconf 71' lang='lat' dir='ltr'>entre</span> <span class='ocrx_word' id='word_1_312' title='bbox 935 4138 1095 4195; x_wconf 73' lang='lat' dir='ltr'>svmnches</span> <span class='ocrx_word' id='word_1_313' title='bbox 1112 4146 1141 4192; x_wconf 83' lang='lat' dir='ltr'>ct</span> <span class='ocrx_word' id='word_1_314' title='bbox 1155 4136 1253 4195; x_wconf 86' lang='lat' dir='ltr'>Grau·</span> 
     </span>
    </p>
   </div>
   <div class='ocr_carea' id='block_1_5' title="bbox 0 0 1449 4934">
    <p class='ocr_par' dir='ltr' id='par_1_8' title="bbox 0 0 1449 4934">
     <span class='ocr_line' id='line_1_37' title="bbox 0 0 1449 4934; baseline 0 0"><span class='ocrx_word' id='word_1_315' title='bbox 0 0 1449 4934; x_wconf 95' lang='lat' dir='ltr'> </span> 
     </span>
    </p>
   </div>
  </div>
 </body>
</html>
