2888 4934
189 407 231 468 sc
460 403 643 465 nummi
665 401 971 465 recursurum.
1137 405 1251 484 [roos]

188 554 225 612 et
248 538 352 638 plura
374 538 430 609 his
451 535 577 609 similia
607 535 785 609 dicentem
813 561 874 608 rex
898 535 1080 624 laudavit,
1107 551 1145 609 et
1169 560 1253 636 qm

190 654 368 754 postulata
380 654 519 725 inerant
534 653 671 724 anuuit.
744 694 746 699 ·

236 770 445 843 Goisircdus
469 793 615 867 quoque
644 767 691 840 de
714 767 891 840 Meduana
914 768 970 863 (l)
1001 782 1038 840 et
1064 770 1176 839 liotro
1203 767 1252 840 de

188 887 393 960 Montelorti
404 885 473 982 (2),
486 884 617 982 aliique
626 883 759 983 plures,
771 908 837 983 per
846 908 1003 983 quorum
1019 897 1254 954 terrastrans·

188 1005 299 1076 iturus
315 1016 410 1093 erat,
435 1001 595 1073 similiter
616 1016 787 1098 egerunt,
811 1015 847 1073 et
866 1001 1092 1072 securitatem
1113 997 1161 1070 ab
1184 1023 1249 1088 so,

189 1118 364 1216 usquead
383 1116 539 1189 reditum
560 1117 655 1213 ejus,
673 1116 893 1216 supplicibus
908 1113 1026 1189 verbis
1042 1116 1252 1212 impetrare·

189 1249 285 1307 runt.

237 1350 320 1422 Gilo
337 1349 384 1420 de
401 1349 534 1421 Solleio
551 1350 621 1446 (3),
641 1348 689 1420 de
704 1347 933 1420 nobilissimis
947 1347 1148 1435 Gallorum,
1163 1345 1254 1418 anti-

185 1490 283 1564 quus
301 1465 408 1538 heros
425 1464 472 1538 de
488 1464 621 1538 familia
636 1465 793 1554 llenrici,
811 1467 903 1562 regis
924 1469 1169 1554 Francorum,
1187 1463 1253 1561 qni

189 1581 317 1654 multas
334 1580 472 1653 viderat
490 1596 526 1654 et
539 1606 685 1680 magnas
701 1583 995 1680 congregationes
1009 1580 1249 1681 populorum,

188 1698 226 1769 in
234 1696 350 1770 arduo
359 1711 483 1769 monte
494 1712 604 1789 stans,
617 1712 752 1770 turmas
764 1713 984 1770 armatorum
998 1696 1160 1794 undique
1167 1717 1253 1794 pro·

188 1814 302 1912 spexit
325 1826 362 1885 et
387 1813 582 1909 quingenta
608 1812 717 1884 millia
741 1814 902 1885 virorum
924 1812 1013 1884 inibi
1039 1835 1116 1882 csse
1144 1825 1251 1882 autu·

189 1928 324 2017 mavit,
353 1952 421 2001 nec
446 1953 485 2000 se
509 1953 669 2026 unquam
694 1929 781 2000 citra
809 1928 913 2026 Alpes
939 1942 1080 1999 tantum
1104 1925 1251 1998 insimul

188 2043 381 2114 exemimm
397 2043 528 2116 vidisse
537 2045 699 2115 asseruit.

239 2158 356 2228 Prima
368 2159 460 2255 regis
470 2160 609 2230 mansio
619 2160 656 2229 in
668 2172 762 2230 terra
770 2157 892 2230 hostili
902 2157 1000 2256 apud
1012 2158 1185 2229 Ruceinm
1196 2154 1254 2254 (l)

190 2273 268 2362 fuit,
286 2288 335 2363 et,
353 2275 517 2371 sequenti
534 2273 607 2364 die,
624 2298 686 2346 rex
706 2273 753 2345 ad
772 2278 932 2346 llontem
947 2274 1086 2345 Bussoti
1104 2273 1161 2369 (5)
1174 2296 1253 2345 cas-

188 2404 244 2461 tra
258 2403 411 2462 metatus
422 2389 659 2488 pernoctavit.
670 2391 783 2461 Tertia
797 2413 883 2461 vero
899 2387 971 2478 die,
986 2387 1180 2460 Coluuchis
1193 2387 1252 2485 (6)

223 2640 263 2710 (t)
278 2633 420 2703 Geoffioi,
438 2635 582 2690 troirieme
599 2634 639 2690 du
659 2654 742 2704 nom,
763 2637 895 2709 seigneur
915 2635 951 2690 de
972 2637 1114 2705 llaienne,
1135 2645 1253 2693 mourut

188 2727 296 2782 l’annee
307 2725 443 2780 mirante.

222 2819 263 2885 (Ξ)
276 2814 387 2870 Rotrou
399 2812 435 2869 de
449 2812 595 2867 lloutlort.
609 2812 703 2885 Voym
716 2811 866 2881 sidereus,
881 2823 904 2868 t„
917 2815 976 2883 111,
989 2833 1019 2888 p.
1036 2817 1098 2871 6⁴8.

222 2905 262 2973 (³)
274 2902 377 2970 Gilou,
396 2903 451 2957 sire
470 2900 506 2956 de
520 2899 606 2968 Sulli,
625 2899 661 2955 de
680 2889 856 2974 lachapelle
872 2912 902 2956 et
920 2901 969 2958 des
989 2901 1249 2971 nix-Ihm-Gilou,

188 2990 307 3044 vicomte
320 2988 357 3044 de
368 2990 507 3064 Bourges,
520 3007 572 3062 par
585 2989 742 3044 succersicn
753 2977 914 3057 d’litienne,
928 2991 1048 3046 vicomes
1061 2990 1097 3047 de
1110 2991 1251 3065 Bourgcs,

188 3093 240 3130 son
250 3075 421 3131 beru-frere.
431 3107 469 3119 -
479 3079 518 3132 le
528 3088 590 3133 mot
604 3077 737 3151 :soralbo
748 3076 811 3133 doit
822 3078 883 3134 &tre
893 3079 953 3151 pris
963 3079 1001 3133 ici
1012 3078 1143 3135 &manu
1154 3098 1254 3154 accep·

188 3166 250 3220 tion
262 3165 418 3240 primitive,
434 3177 465 3222 et
476 3168 587 3240 signilie
602 3187 658 3243 que
674 3186 708 3224 ce
721 3168 854 3240 seigneur
864 3169 937 3223 avait
952 3167 1003 3223 fait
1018 3170 1126 3242 partie,
1137 3168 1207 3224 dana
1223 3186 1254 3225 n

189 3256 328 3328 premiere
336 3255 481 3328 jeuncsse,
493 3255 543 3311 des
554 3259 704 3314 serviteurs
716 3257 755 3312 dn
767 3258 809 3311 roi
824 3258 913 3312 Henri
928 3259 964 3312 1⁸¹
980 3257 1016 3313 de
1026 3260 1143 3315 Franco.

223 3344 263 3414 (l)
275 3341 558 3410 emmeramum,
571 3345 666 3400 ltrois
676 3345 764 3400 lienes
774 3344 891 3400 environ
902 3345 932 3400 S.
943 3346 972 3401 S.
985 3347 1020 3403 E.
1031 3346 1197 3421 d'Alencoc.

224 3434 265 3504 (l)
279 3431 451 3501 llontbirot,
466 3434 593 3506 {quoue
604 3433 691 3489 lienes
703 3435 773 3489 trois
784 3443 880 3507 quarta
891 3432 930 3488 dn
943 3435 1032 3489 llam.

223 3526 263 3595 (6)
280 3521 444 3588 Coulaiues,
459 3540 508 3577 sur
518 3521 545 3576 la
558 3521 617 3576 rive
633 3523 740 3594 gauche
751 3521 787 3577 tle
800 3521 826 3577 la
842 3522 931 3578 sane.
945 3524 986 3579 Ce
998 3523 1041 3579 fut
1055 3542 1090 3579 eu
1103 3522 1253 3583 murce

188 3611 344 3678 lloutbizot
360 3615 375 3667 a
393 3611 557 3680 Coulnccm
571 3621 601 3666 et
615 3622 696 3667 entre
713 3623 787 3668 cette
803 3611 932 3667 der-niem
948 3630 1097 3667 commune
1113 3622 1143 3668 et
1156 3610 1252 3669 Saint-

187 3700 301 3768 Parace,
315 3717 371 3774 que
382 3697 685 3755 Guillaume-le-Roux
693 3711 842 3755 mucontn
854 3698 974 3755 leodem
983 3701 1125 3755 rnissoeur
1133 3717 1170 3754 au
1178 3700 1254 3772 sajet

187 3787 316 3862 desquels
327 3787 417 3842 Wace
428 3798 542 3843 raconte
553 3805 610 3842 une
626 3786 785 3843 historietoe
798 3789 871 3844 aussi
889 3789 1027 3861 grossiere
1036 3788 1253 3864 qu’iumisem·

187 3873 288 3930 blable.
301 3875 419 3932 suivant
429 3887 474 3931 cet
485 3887 595 3945 aomar,
607 3875 635 3931 le
647 3875 691 3930 roi
702 3875 897 3948 ‹l'Angleterre
907 3878 998 3932 aurait
1008 3877 1060 3932 fait
1071 3895 1110 3932 mr
1122 3876 1192 3952 long
1201 3876 1254 3933 (le-

188 3973 255 4018 tour
271 3979 334 4017 vers
349 3960 424 4030 l’ert,
442 3974 472 4019 et
489 3982 541 4038 par
560 3966 732 4038 consequent
747 3982 796 4019 sur
811 3964 838 4020 le
855 3967 999 4022 territoire
1014 3965 1161 4040 deSrrgi,
1179 3983 1254 4040 pour·

186 4051 276 4104 e'riter
287 4048 323 4103 de
336 4059 473 4106 turem
484 4070 529 4108 cea
542 4051 617 4107 deux
629 4051 732 4107 chelii·
742 4071 825 4108 cours
836 4053 931 4120 d‘eru,
944 4056 1130 4129 cuiquement
1143 4057 1158 4109 i
1170 4070 1255 4110 cena

187 4137 225 4192 de
234 4136 395 4194 l'olrscenite
405 4137 442 4193 de
453 4139 515 4195 leur
524 4159 600 4196 nom.
611 4142 690 4199 Pom·
699 4142 750 4215 qui
760 4141 873 4198 cmnait
880 4142 922 4197 les
931 4141 1083 4198 hanimo
1091 4140 1252 4199 inante·
