2888 4934
194 404 254 463 218
469 401 652 463 ulstoutt
674 400 978 462 EchEslssttct.
1040 405 1244 482 [llos-1110]

193 521 325 605 eumin
339 533 464 606 itinere
476 548 617 624 tutaret,
632 532 839 631 salvumque
848 533 893 606 ad
904 549 1042 634 patrem
1055 558 1161 605 suum
1172 559 1245 634 per·

193 647 352 721 duceret.
367 655 410 721 At
424 648 482 721 ille
494 648 785 722 commendatum
797 648 863 721 sibi
880 648 1051 747 usquead
1065 663 1245 723 terraesnae

191 762 339 836 limitem
358 763 520 852 deduxit,
542 763 679 861 ibique,
700 764 881 862 legalitatis
903 781 937 837 et
961 765 1084 836 futurae
1101 763 1247 862 deroge-

191 877 297 949 tionis
320 877 522 968 immernor,
548 877 836 977 comprehendit,
863 893 898 950 et
918 877 1122 976 plusquam
1144 880 1247 951 unius

190 990 413 1095 anni'spacio
431 993 467 1063 in
484 1017 624 1064 carcere
644 993 767 1064 tenuit.
789 992 1026 1092 Corpulentus
1045 1008 1166 1065 autern
1187 1018 1248 1066 rex

191 1107 356 1196 Franciae,
370 1106 441 1178 hoc
451 1106 588 1196 audit0,
600 1106 702 1182 ualde
714 1109 941 1179 contristatus
948 1123 1012 1196 est,
1025 1132 1250 1206 puerumque

190 1219 236 1291 de
259 1220 438 1317 ergastulo
462 1220 624 1319 precibus
650 1236 686 1294 et
711 1222 816 1292 minis
842 1222 979 1320 eripere
1004 1236 1154 1293 conatus
1180 1238 1245 1295 est.

191 1335 360 1408 Bertrnda
372 1337 518 1435 quippe,
530 1351 643 1409 mater
652 1336 786 1434 praesati
794 1336 1043 1427 adolescentis,
1056 1337 1250 1435 uxorregis

189 1468 281 1541 erat,
309 1477 388 1550 quae
411 1454 527 1551 ipsum
549 1454 679 1551 jugiter
703 1452 922 1542 stimulabat,
950 1468 985 1525 et
1006 1452 1183 1550 plurimos
1203 1451 1249 1526 nd

189 1566 462 1641 subventionem
487 1570 596 1641 vincti
619 1570 749 1641 frustra
773 1567 1003 1666 inquietabat.
1032 1573 1143 1640 Porro
1166 1592 1247 1658 rex,

188 1683 321 1756 crebris
339 1685 518 1758 aculeatus
538 1685 809 1784 punctionibus,
834 1699 972 1756 tantum
995 1684 1092 1756 nefas
1109 1699 1248 1756 terrore

188 1799 367 1872 minarum
377 1801 504 1899 punire
515 1802 642 1874 voluit.
654 1800 724 1874 Sed
733 1800 894 1897 turgidus
904 1799 989 1890 dux,
1001 1798 1251 1899 ponderosum

188 1915 344 2012 regem(i
353 1915 368 2012 )
378 1916 654 2017 parvipendens,
669 1916 933 1990 adolescentem
944 1914 1075 1988 diutius
1087 1915 1249 2007 retinuit,

188 2028 305 2103 donec
329 2031 480 2130 oppida,
506 2057 585 2129 quae
608 2033 646 2104 in
669 2031 827 2104 confinio
852 2031 1034 2128 utriusque
1058 2032 1252 2105 comitatus

189 2159 305 2236 erant,
328 2171 350 2218 a
370 2161 470 2244 patre
489 2172 556 2246 pro
573 2147 756 2245 ereptione
773 2146 835 2217 filii
851 2144 1006 2218 obtinuit
1019 2146 1087 2242 (2)
1109 2144 1251 2219 Deinde

187 2283 263 2331 non
279 2261 392 2334 multo
410 2277 490 2361 post
506 2287 613 2335 senex
629 2264 769 2360 genitor
786 2261 886 2353 obiit,
901 2264 1113 2359 juvenisque
1127 2286 1257 2336 comes·

188 2373 463 2473 Eremburgem,
487 2375 596 2448 filiam
618 2377 726 2448 Heliae
749 2380 1064 2449 Cenomannorum
1086 2376 1247 2466 comitis,

188 2513 338 2562 uxorem
356 2490 474 2581 duxit,
496 2516 574 2590 quae
592 2515 802 2589 generosam
817 2493 851 2565 ei
866 2492 1051 2589 utriusque
1069 2515 1174 2563 sexus
1191 2513 1251 2563 so·

186 2602 308 2677 bolem
326 2607 479 2705 peperit.

235 2723 344 2792 xv11.
364 2722 500 2794 Eodem
517 2745 628 2812 anno,
648 2722 821 2794 Henricus
838 2746 913 2812 rex,
935 2737 1096 2820 utsupra
1112 2719 1251 2792 dictum

188 2850 254 2925 est,
267 2861 351 2908 vere
364 2838 401 2908 in
417 2837 616 2909 Neustriam
627 2837 804 2933 navigavit
815 2837 888 2934 (3),
905 2851 940 2908 et
951 2851 1137 2934 paternam
1149 2835 1251 2909 here·

222 3152 262 3221 (4)
279 3151 367 3206 Notre
384 3163 492 3222 auteur,
513 3172 622 3209 comme
640 3164 704 3209 tons
725 3153 764 3209 les
783 3154 934 3209 historiens
953 3152 1196 3225 contemporains,
1214 3169 1252 3207 ne

189 3235 301 3310 neglige
323 3256 431 3294 aucune
453 3243 580 3297 occasion
603 3241 639 3296 de
663 3241 832 3315 stigmatiser
853 3241 879 3296 la
903 3240 1099 3314 gourmandise
1122 3238 1159 3294 de
1180 3238 1251 3294 Phi·

189 3325 264 3399 lippe
275 3326 318 3394 1«,
330 3337 359 3382 et
370 3326 494 3385 l’obe'site
505 3332 554 3404 qni
566 3348 603 3385 en
614 3330 657 3386 fut
667 3329 693 3384 Ιι
702 3331 783 3384 suite.
794 3329 865 3384 Mais
876 3348 908 3384 ce
919 3330 1015 3403 prince
1024 3339 1066 3383 est
1075 3344 1178 3382 encore
1188 3325 1253 3400 pius

190 3412 338 3468 mdement
355 3417 436 3471 truite
448 3435 498 3490 par
514 3419 604 3474 Henri
617 3417 652 3473 de
668 3415 854 3489 Hnntingdon
868 3439 874 3470 :
892 3416 968 3490 Quid
976 3416 1012 3471 dc
1024 3415 1170 3486 Philippo,
1185 3431 1253 3486 rege

190 3501 377 3567 ancorum,
391 3513 418 3559 et
428 3504 642 3578 Lodove0,filio
651 3505 758 3580 ejus...
771 3523 889 3578 qnorum
899 3503 1037 3576 deussuit
1049 3511 1153 3564 venter,
1167 3504 1253 3556 immo

179 3587 320 3660 funestus
331 3588 499 3665 bostisfuit!
510 3592 605 3664 Voyez
616 3590 760 3660 cidenas,
773 3610 802 3665 p.
814 3594 876 3660 408,
890 3601 956 3646 note
967 3595 993 3658 4,
1006 3589 1033 3645 la
1045 3590 1118 3644 snite
1129 3586 1167 3643 de
1178 3596 1252 3644 cette

190 3675 315 3731 citation.

224 3763 263 3836 (2)
282 3763 320 3821 ce
331 3763 383 3820 dut
395 3765 456 3822 etre
467 3785 503 3822 en
517 3768 586 3824 4407
598 3784 653 3841 que
663 3765 835 3831 Gnillanme,
851 3776 943 3822 comte
956 3766 991 3821 de
1002 3767 1137 3834 Poitiers,
1156 3764 1254 3822 rendit

191 3850 216 3905 le
229 3852 313 3923 jeune
327 3853 453 3927 Foulque
471 3857 488 3910 4
503 3872 552 3910 son
571 3856 647 3928 pere.
667 3853 789 3910 celui-ci
808 3865 923 3910 mourut
941 3853 967 3908 le
983 3858 1017 3912 44
1033 3853 1101 3909 avril
1118 3858 1205 3923 4409,
1222 3864 1252 3910 et

190 3940 316 4016 Foulqne
327 3940 368 3996 lui
381 3940 507 3997 succede.
521 3943 577 3999 Son
590 3942 713 4017 mariage
725 3962 789 3998 avec
805 3943 978 4016 Eremburge
989 3953 1038 3998 cut
1049 3942 1105 3998 lieu
1117 3961 1153 3997 en
1167 3946 1249 4000 4440.

190 4032 270 4088 Cette
281 4031 362 4088 dame
373 4031 413 4087 tui
426 4032 518 4088 donna
529 4042 628 4108 quatre
639 4033 758 4088 eniants.

225 4124 264 4194 (0)
282 4123 356 4179 Dans
368 4121 394 4179 la
407 4122 535 4180 derniere
549 4123 669 4178 semaiae
683 4122 718 4178 de
729 4121 847 4179 Careme
860 4124 944 4187 4400,
957 4132 985 4178 et
996 4139 1052 4176 non
1064 4137 1113 4194 pas
1125 4122 1206 4176 4400.
