2888 4934
197 405 257 467 4³2
466 402 648 464 nistottra
669 403 975 468 Ecetusttsrtclt.

197 535 349 626 dullum,
371 532 598 606 Doroberniae
613 535 932 635 archiepiscopum,
950 551 1077 636 praeter
1094 539 1243 635 Frigear·

196 653 341 724 dumet
368 648 484 722 Odam
511 665 616 748 atque
640 651 865 748 stigandum,
896 653 1038 726 fuerunt
1063 655 1242 727 monachi.

196 764 399 862 Frigeardus
414 763 560 862 quippe,
579 763 782 861 capellanus
798 765 957 839 Lotherae
973 769 1077 864 regis,
1098 768 1144 841 ad
1160 793 1245 867 pne·

196 877 348 952 sulatum
363 877 429 948 fuit
444 876 590 967 electus,
614 892 649 949 et
667 883 815 951 Romam
831 894 872 951 nt
891 879 937 951 ab
953 880 1138 976 Agathone
1156 886 1247 979 Papa

193 1008 457 1066 consecraretur
469 993 679 1083 destinatus;
694 994 837 1084 deinde,
850 995 940 1068 datis
953 1021 975 1069 a
988 1002 1084 1095 Papa
1096 996 1248 1069 induciis

192 1109 317 1183 decem
332 1109 486 1199 dierum,
507 1123 693 1206 expectans
708 1110 1013 1205 benedictionem,
1031 1114 1170 1185 interea
1187 1111 1246 1185 de·

191 1224 278 1298 cidit
296 1226 333 1296 in
352 1224 500 1315 lectum,
519 1238 555 1296 et
570 1225 645 1296 sine
663 1225 869 1323 praesulatus
886 1227 1054 1311 unctione
1072 1227 1247 1299 exhalavit

191 1339 365 1438 spiritum.
383 1337 462 1409 Oda
478 1362 577 1426 vero,
596 1363 662 1436 pro
676 1338 859 1411 nobilitate
875 1353 910 1410 et
925 1364 1069 1411 morum
1085 1340 1247 1436 benigni·

192 1468 275 1543 tate,
295 1453 340 1524 de
356 1453 451 1525 clero
467 1468 681 1552 assumptus,
701 1470 737 1526 et
751 1454 975 1552 amhipraesrd
992 1471 1045 1526 est
1060 1481 1246 1530 consecra·

192 1584 264 1659 tus;
279 1570 353 1668 qui,
368 1583 558 1669 postquam
573 1592 697 1641 omnes
707 1585 947 1642 antecessores
955 1596 1040 1643 suos
1048 1573 1245 1646 monachos

191 1685 296 1757 fuisse
317 1686 508 1783 comperit,
530 1683 682 1756 libenter
698 1709 740 1756 ac
755 1684 882 1757 devote
901 1685 1065 1758 habitum
1082 1689 1242 1777 mutavit,

190 1815 225 1872 et
242 1801 424 1899 religiosus
439 1800 636 1873 monachus
656 1824 698 1872 ac
716 1800 941 1900 archipraesul
958 1827 1075 1900 usque
1092 1803 1140 1876 ad
1156 1830 1245 1876 mor·

189 1928 262 1987 tem
285 1920 361 1989 Deo
384 1915 556 1988 militavit.
582 1914 770 2011 stigandus
793 1929 928 2008 autem,
959 1921 1094 1989 Emmae
1121 1920 1244 2015 regine

190 2031 409 2127 capellanus,
428 2029 626 2103 admodum
639 2030 812 2101 saecularis
833 2044 869 2102 et
885 2029 1096 2103 ambitiosus
1116 2034 1241 2125 extitit,

190 2145 251 2241 qui
269 2147 424 2244 primum
441 2145 648 2236 Lnndoniae,
667 2143 898 2243 postmodum
915 2149 1117 2220 Cantuariae
1131 2149 1244 2222 cathe-

189 2258 292 2329 dram
314 2261 457 2350 invasit;
481 2286 606 2333 verum
626 2285 647 2332 a
668 2264 829 2332 Romano
848 2265 943 2358 Papa
961 2286 1154 2359 nunquam
1174 2265 1242 2362 pal·

188 2370 278 2442 lium
304 2372 448 2466 habuit,
477 2375 567 2465 imo,
596 2374 641 2446 ab
668 2374 865 2446 Alexandro
894 2379 989 2473 Papa
1013 2377 1239 2468 interdictvm,

188 2488 383 2560 Haraldnm
391 2489 606 2586 profanavit,
617 2489 877 2586 duminregem
883 2490 1096 2564 benedicere
1104 2493 1240 2584 debuit,

188 2598 407 2703 quapropter
424 2603 536 2697 idem,
559 2605 648 2676 sicut
665 2629 685 2675 a
707 2629 744 2676 se
762 2606 933 2678 exaltatus
949 2607 1139 2700 intumuit,
1160 2609 1243 2682 sica

188 2725 265 2792 Deo
281 2721 486 2794 humiliatus
503 2734 538 2791 et
550 2719 720 2791 confusus
733 2720 925 2816 ingemuit:
941 2745 1038 2813 nam,
1054 2724 1242 2799 Guillclmo

188 2837 308 2908 Primo
322 2837 359 2907 in
374 2861 483 2932 regno
497 2834 722 2921 confirmato,
739 2834 1012 2908 clarescentibus
1023 2838 1140 2938 culpis
1153 2839 1242 2936 judi·

188 2950 245 3021 cio
262 2949 390 3046 synodi
408 2948 590 3048 depositus
608 2963 675 3040 est3
697 2948 793 3020 unde
809 2951 929 3021 necin
946 2949 1110 3048 catalogo
1126 2954 1243 3053 ponti·

190 3064 296 3136 ficum
312 3065 572 3162 computandus
589 3079 653 3136 est.

238 3177 338 3274 Angli
360 3176 573 3266 monachos,
601 3176 685 3273 quia
705 3199 769 3272 pcr
789 3198 851 3245 eos
875 3172 921 3244 ad
944 3179 1062 3246 Deum
1084 3178 1243 3249 conversi

187 3305 287 3383 sunt,
315 3292 555 3365 indesinenter
580 3290 763 3386 diligentes
789 3289 1079 3380 honoraverunt,
1106 3291 1243 3390 ipsique

188 3404 305 3477 clerici
325 3421 526 3480 reverenter
547 3420 583 3477 et
603 3404 757 3501 benigne
778 3404 847 3475 sibi
871 3406 1069 3477 monachos
1089 3407 1242 3505 praeferri

189 3520 296 3616 gavisi
317 3537 410 3592 sunt.
436 3527 538 3593 Nunc
555 3533 673 3592 autem
689 3544 807 3591 mores
823 3533 859 3590 et
873 3519 967 3615 leges
982 3535 1128 3594 mutatae
1144 3536 1241 3614 sunt,

188 3651 223 3707 et
239 3633 368 3722 clerici,
388 3650 428 3706 ut
443 3635 641 3708 monachos
655 3635 839 3705 confutent
851 3648 886 3705 et
898 3634 1125 3724 conculcent,
1143 3636 1243 3708 cleri·

189 3775 250 3822 cos
265 3746 449 3821 extollunt.

189 3959 312 4028 chester,
330 3933 384 4032 ¹que
400 3958 516 4030 Stigand
533 3961 645 4015 envahit
660 3971 741 4016 avant
759 3961 939 4031 Cantorbe'ry.
953 3959 988 4014 sa
1001 3958 1165 4030 preteution
1179 3958 1242 4013 etait

189 4047 223 4099 de
236 4047 273 4100 les
286 4047 385 4118 garder
397 4057 458 4101 tons
469 4045 507 4100 les
520 4046 590 4100 deux
598 4072 605 4115 ;
619 4053 687 4104 mais
697 4050 716 4104 il
730 4050 773 4103 fut
783 4048 933 4122 depossede'
942 4046 1045 4102 del'un
1057 4057 1087 4102 et
1099 4046 1136 4102 de
1148 4046 1241 4102 l'autre

189 4150 222 4184 eu
236 4137 314 4189 tous.
