2888 4934
85 410 195 488 [1105]
423 405 540 467 sinan
562 404 802 466 unnncmus.
1080 408 1141 470 ars

87 533 1137 635 gressione,quaepostPasclralactaest,idemMarionem),

88 655 123 724 in
135 652 267 725 vicinio
280 652 479 748 Rotomagi,
495 652 631 723 occisus
644 665 707 722 est.
726 653 802 720 Hoc
814 648 911 719 idem
923 648 1140 746 capellanus,

88 768 235 839 nomine
253 765 470 857 Rodbertus,
490 766 578 837 mihi
596 765 731 852 retulit,
750 764 849 861 quod
866 765 901 833 in
920 763 1083 854 vivificis,
1104 780 1143 836 ut

89 881 224 953 dictum
249 895 319 971 est,
344 882 518 979 mysteriis
539 881 604 952 sibi
625 895 661 951 et
681 881 900 951 infortunato
931 879 1031 951 militi
1054 904 1141 951 con-

91 999 175 1096 tigit.

133 1117 225 1184 xlv.
238 1117 338 1184 Tunc
347 1113 469 1203 Fulco,
484 1114 689 1184 Divensium
700 1110 823 1201 abbas,
837 1118 888 1182 111⁰
898 1135 1012 1182 nonas
1023 1112 1143 1211 aprilis

93 1228 183 1327 apud
198 1232 376 1300 Guentam
392 1229 429 1299 iu
447 1227 568 1325 Anglia
582 1227 769 1300 defunctus
785 1242 838 1299 est
851 1227 920 1322 (2),
936 1240 971 1298 et
985 1226 1143 1299 Rodher-

93 1357 155 1436 tus,
167 1343 319 1442 quidam
328 1342 536 1415 miserabilis
548 1343 758 1433 homuncio,
775 1343 865 1415 datis
877 1341 960 1415 duci
975 1365 1040 1414 cxc
1052 1366 1145 1413 mar-

92 1459 133 1531 cis
144 1459 299 1555 argenti,
313 1459 389 1555 ejus
401 1459 437 1530 in
448 1458 530 1530 loco
542 1459 698 1530 intrusus
710 1472 776 1530 est.
788 1459 853 1530 Hic
865 1471 998 1547 autem,
1009 1455 1146 1555 proles-

90 1574 186 1646 sione
204 1573 403 1645 monachus
416 1575 528 1646 sancti
544 1575 708 1670 martyris
723 1574 896 1669 Dionysii,
915 1597 989 1644 non
1008 1587 1143 1670 pastor,

88 1689 143 1762 sed
174 1688 357 1786 dispersor
383 1689 496 1761 lactus
519 1703 572 1761 est
594 1691 708 1787 gregis
734 1689 934 1777 Dominici,
965 1702 1000 1759 et
1027 1687 1146 1758 multis

83 1805 230 1894 noxiuS,
245 1818 370 1903 utpote
382 1819 534 1877 sectator
546 1805 701 1876 Simonis
715 1805 818 1901 Magi.
836 1802 1028 1876 Coenobitae
1041 1805 1147 1900 siqui·

79 1917 168 1993 dem
188 1942 212 1991 a
230 1917 316 1990 facie
332 1918 407 2017 lupi
426 1918 646 1991 devoratoris
663 1919 845 2015 fugerunt,
867 1933 902 1991 et
918 1919 956 1989 in
975 1917 1051 1990 aliis
1067 1943 1146 1989 mo·

74 2034 262 2123 uasteriis,
279 2034 415 2106 animas
426 2058 507 2106 suas
522 2033 657 2106 salvare
673 2035 869 2131 cupientes,
888 2033 1038 2132 dispersi
1048 2047 1143 2104 sunt.

70 2149 163 2248 lpse
190 2173 278 2220 vero
305 2173 413 2246 supra
439 2149 567 2220 Divam
591 2149 629 2219 in
659 2147 824 2220 coenobio
850 2147 1033 2220 castellum
1060 2172 1148 2220 con·

67 2263 233 2351 struxit,
260 2261 499 2360 familiamque
527 2263 680 2335 militum
702 2264 920 2361 aggregavit,
949 2264 1056 2335 etsie
1082 2263 1146 2335 Dei

66 2375 262 2474 templum
292 2375 500 2473 speluncam
530 2377 712 2450 latronum
746 2377 873 2470 effecit.
905 2376 1147 2450 Ecclesiastico

65 2513 234 2588 quoque
256 2506 486 2581 ornamenta,
511 2516 589 2588 quae
614 2491 737 2564 fideles
759 2490 908 2564 sollicite
930 2515 1146 2589 procurave-

64 2619 186 2692 rant,
207 2603 384 2694 vendidit,
406 2617 441 2677 et
457 2606 650 2678 simonialis
669 2608 793 2680 munio
812 2606 857 2678 ad
875 2605 1074 2678 subsidium
1089 2630 1147 2677 sa-

66 2718 240 2792 tellitum
256 2743 404 2791 suorum
421 2719 580 2792 distraxit
594 2719 663 2817 (3).

130 2834 213 2904 XV.
230 2835 350 2905 Mense
359 2835 468 2922 maio,
480 2834 717 2933 phlegmatica
729 2836 837 2933 pestis
846 2859 910 2932 per
919 2848 1035 2906 toturn
1047 2835 1148 2905 Occi·

68 2945 235 3021 dentem
248 2947 427 3038 discurrit,
446 2962 495 3038 et,
514 2963 653 3021 catarro
668 2950 820 3047 graviter
833 2947 1056 3038 molestante,
1074 2973 1149 3019 om-

70 3063 144 3135 nis
163 3062 291 3135 oculus
308 3062 477 3161 ploravit,
496 3078 531 3135 et
547 3088 612 3161 per
628 3088 773 3136 ornnem
792 3062 961 3152 Galliam,
984 3062 1044 3135 ubi
1063 3078 1158 3135 tunc-

73 3197 187 3249 eram
207 3176 278 3274 (4),
303 3178 467 3248 omnium
487 3176 631 3249 maxilla
650 3176 815 3274 lacrymis
840 3176 992 3248 maduit.
1015 3182 1145 3264 AEstas,

120 3431 163 3499 (4)
178 3430 347 3498 llaromme,
367 3431 431 3503 pres
449 3430 560 3485 Rouen.
581 3430 617 3484 Le
635 3446 701 3483 nom
718 3429 839 3502 primitis
851 3429 887 3484 dc
906 3448 937 3484 ce
955 3428 1011 3484 lieu
1023 3441 1066 3485 est
1082 3430 1149 3485 Mo·

79 3522 186 3584 laona,
203 3521 352 3590 emprnnte
364 3517 576 3592 probablement
587 3520 601 3571 'a
613 3517 638 3572 la
653 3518 753 3572 riviere
764 3519 813 3591 qui
827 3516 950 3574 l’arrose.

122 3602 165 3677 (2)
184 3603 237 3677 Ily
249 3605 322 3661 erait
333 3606 449 3662 environ
460 3606 500 3661 six
512 3624 560 3660 ans
572 3623 627 3679 que
638 3604 664 3660 le
677 3604 767 3679 rigide
779 3604 915 3679 Foulque,
929 3604 1000 3660 abbe
1012 3606 1047 3660 de
1060 3606 1153 3662 Saint-

82 3687 345 3760 Pierresurfflive,
359 3693 428 3748 etait
440 3696 535 3748 rentre
547 3711 582 3748 en
595 3691 750 3765 possession
763 3692 858 3747 deson
872 3693 994 3748 autorite
1006 3694 1100 3764 (voyez
1113 3695 1152 3749 ci·

84 3776 202 3846 (lessus,
220 3789 242 3835 t.
262 3781 306 3847 11,
320 3799 348 3854 p.
364 3784 431 3848 293,
448 3791 477 3837 et
493 3791 513 3836 t.
529 3781 583 3848 IV,
599 3799 626 3852 p.
641 3782 699 3852 49).
714 3779 750 3836 sa
764 3791 839 3835 mort
854 3779 916 3836 doit
929 3781 989 3837 etre
1004 3785 1151 3857 rapportee

87 3880 126 3920 an
138 3872 154 3923 3
166 3866 235 3922 avril
246 3870 330 3936 ⁴⁴05,
343 3878 373 3923 et
384 3887 441 3923 non
453 3887 500 3942 pas
513 3870 593 3925 4406.

125 3955 166 4026 (3)
183 3955 262 4011 Nous
273 3974 388 4012 verrons
398 3956 507 4013 bientot
519 3973 617 4031 qne-ce
630 3952 777 4011 rdlserable
789 3957 962 4032 simonisque
973 3976 1008 4013 ne
1020 3967 1092 4012 resta
1102 3975 1151 4030 pas

94 4040 155 4111 plus
165 4041 202 4097 de
215 4044 314 4118 quinze
327 4046 397 4100 mois
409 4063 443 4100 en
458 4045 613 4119 possession
628 4045 663 4099 de
677 4045 808 4119 l'ahbaye.

127 4129 165 4202 (4)
183 4131 398 4188 Probablement
410 4135 426 4187 a
439 4132 572 4202 Orlcans,
587 4134 676 4207 patrie
687 4133 723 4189 de
734 4153 784 4190 son
797 4136 879 4207 pere,
891 4153 928 4190 ou
940 4136 956 4188 'a
968 4131 1068 4188 Manle.
1087 4173 1089 4176 ψ
1101 4173 1104 4176 -
