2888 4934
104 432 211 512 [tras]
425 424 541 485 truta
562 422 829 484 DUODECIMUS.
1100 425 1155 487 481

151 566 250 633 Tunc
263 557 473 631 Guillelmus
485 580 611 628 omnes
626 555 771 628 insidias
786 554 975 626 incolumis
989 571 1162 653 pertrans·

105 678 179 767 ivit,
198 690 233 748 ct
250 676 357 746 iratus
374 672 537 771 publicos
552 670 671 743 hostes
687 670 950 743 condemnavit.
972 672 1163 745 Bellicosus

106 789 237 862 deinde
254 790 395 886 juvenis
418 787 578 883 undique
598 787 690 857 vires
710 787 868 881 collegit,
892 800 1046 857 castrum
1068 788 1164 861 hlost

107 904 262 997 obsedit,
284 905 411 977 acriter
431 901 637 993 debellavit,
657 915 692 973 et
708 903 790 973 totis
807 899 944 972 nisibus
965 900 1165 999 oppidanos

107 1020 153 1090 ad
178 1018 397 1091 deditionem
426 1040 553 1113 cogere
581 1017 717 1112 sategit.
749 1021 828 1115 lpse
855 1014 958 1087 ducis
985 1030 1020 1087 et
1047 1017 1167 1090 militis

109 1134 228 1207 officio
245 1136 456 1235 plerumque
472 1130 696 1227 fungebatur,
716 1131 813 1204 unde
830 1155 851 1204 a
869 1132 959 1204 caris
976 1133 1165 1222 tutoribus,

108 1275 176 1348 pro
201 1249 262 1321 illo
287 1248 578 1338 formidantibus,
606 1246 732 1320 crebro
756 1246 1048 1344 redarguebatur.
1071 1251 1169 1346 Saepe

108 1366 286 1437 centurias
301 1362 512 1455 advocabat,
530 1376 572 1434 ut
586 1386 668 1436 acer
685 1362 758 1435 dux
776 1362 991 1460 imperabat,
1014 1361 1074 1434 sed
1093 1387 1170 1435 cre·

109 1477 208 1551 brius
223 1493 262 1552 ut
279 1481 347 1550 tiro
363 1477 518 1550 fervidus
534 1477 728 1577 pugnabat.

160 1592 326 1682 Quadam
345 1593 421 1685 die,
445 1592 491 1666 ad
508 1595 695 1666 transitum
713 1592 898 1689 cujusdam
916 1616 1018 1689 aquae
1034 1591 1172 1663 hostilis

110 1708 266 1807 phalanx
279 1710 389 1798 venit,
404 1707 556 1781 obsessis
570 1709 752 1805 suffragari
767 1708 914 1800 studuit,
931 1722 1056 1778 contra
1073 1707 1173 1805 quod

111 1822 198 1921 du[x
223 1822 383 1922 repentle
409 1823 464 1922 (l)
488 1849 550 1896 ccc
574 1824 704 1895 milites
733 1822 872 1894 direxit.
904 1821 974 1893 Sed
1004 1823 1174 1893 conflictu

113 1937 245 2038 [nimis]
252 1940 415 2033 durante,
426 1939 626 2012 ethostium
635 1941 764 2010 virtute
772 1937 971 2011 admodum
978 1950 1172 2029 crescente,

113 2055 240 2126 milites
249 2054 350 2125 ducis
360 2069 544 2152 coeperunt
555 2052 816 2152 aliquantidum
826 2051 937 2124 relabi
949 2067 983 2123 et
995 2052 1172 2123 vacillare.

114 2168 221 2256 Quod
238 2167 361 2240 videns
379 2168 453 2240 dux
475 2169 676 2259 infremuit,
696 2169 876 2267 suppetias
896 2168 1091 2260 advolavit,
1112 2193 1176 2240 au-

114 2282 234 2355 dacter
262 2282 462 2374 dimicavit,
495 2309 579 2356 suos
609 2284 658 2355 ita
689 2282 954 2375 corroboravit,
984 2283 1177 2380 hostesque

115 2398 259 2494 fugavit.
281 2398 368 2469 lude
384 2423 544 2471 reversus
561 2398 608 2471 ad
629 2412 750 2497 portas
771 2399 876 2471 castri
894 2413 1038 2496 repente
1055 2398 1175 2488 irruit,

114 2539 231 2611 eoque
254 2516 417 2587 veniente
441 2529 557 2587 turma
581 2515 770 2588 satellitum
788 2516 850 2614 qui
872 2516 1001 2610 egressi
1020 2513 1175 2605 fueraut,

115 2631 272 2728 dispersa
283 2632 456 2726 confugit,
472 2657 628 2728 quorum
642 2655 724 2729 pars
736 2656 844 2729 super
854 2653 1018 2726 aggerem
1031 2630 1176 2700 exilivit.

116 2749 217 2832 Quos
233 2744 366 2815 ibidem
389 2746 461 2815 dux
479 2745 568 2816 dum
583 2744 744 2834 vidisset,
763 2760 799 2816 et
815 2746 976 2817 lanceam
992 2745 1179 2841 cujusdam

118 2857 245 2954 peditis
260 2857 327 2928 sibi
344 2856 517 2929 obstantis
534 2859 841 2958 apprehendisset,
865 2859 954 2931 forte
971 2859 1064 2931 ferro
1080 2860 1180 2957 quod

118 2994 244 3069 capere
265 2971 409 3045 dextera
434 2975 532 3044 nisus
555 2988 624 3066 est,
649 2975 687 3044 in
708 2974 926 3072 pinguedine
947 2999 1076 3046 manus
1101 3001 1181 3072 quae

118 3088 209 3158 inter
222 3087 389 3186 pollicem
403 3104 438 3160 ct
451 3091 612 3186 palmum
628 3104 692 3183 est,
709 3114 823 3186 usque
837 3090 874 3160 in
888 3090 1031 3188 pulsum
1044 3089 1180 3163 brachii

119 3202 237 3273 subito
248 3204 447 3300 perniciose
456 3218 611 3301 punctus
623 3219 686 3276 cst.
703 3208 864 3278 Graviter
875 3206 993 3302 itaque
1006 3208 1181 3279 sauciatus

119 3316 203 3386 inde
217 3319 371 3406 recessit,
393 3317 624 3391 familiaribus
637 3320 710 3392 suis
724 3319 856 3392 vulnus
871 3318 1041 3409 ostendit,
1056 3322 1181 3394 corde-

120 3445 293 3529 tenusque
319 3433 445 3506 dolens
469 3433 637 3531 plangere
661 3436 786 3531 coepit,
813 3459 881 3506 nec
903 3434 1016 3505 multo
1040 3451 1121 3532 post
1145 3438 1180 3507 in

122 3545 252 3617 lectum
272 3548 455 3618 decubuit.
479 3550 573 3646 lgnis
597 3551 710 3639 enirn,
735 3575 844 3648 quem
868 3573 1007 3621 sacrum
1032 3566 1178 3641 vocant,

121 3661 232 3757 plagae
262 3662 441 3734 immixtus
472 3678 541 3754 est,
573 3678 759 3760 totumque
784 3665 972 3739 brachium
997 3690 1110 3763 usquc
1135 3664 1181 3737 ad

157 3886 198 3951 (l)
212 3883 251 3936 lci
263 3883 288 3936 le
297 3882 459 3955 parchemin
469 3884 508 3938 du
519 3887 672 3940 manuscrit
680 3896 724 3939 est
733 3888 827 3954 troue'3
840 3885 866 3940 la
877 3886 969 3941 hande
979 3888 1049 3942 dont
1061 3904 1097 3941 ou
1106 3887 1179 3939 avait

123 3981 268 4024 reconvert
283 3988 314 4026 ce
331 3970 426 4026 defaut
440 3982 483 4027 est
499 3972 600 4045 depuis
614 3971 904 4048 lougtemps-perdue.
919 3974 968 4029 On
983 3990 1019 4028 ne
1035 3984 1104 4046 peut
1118 3971 1181 4046 plus

123 4056 175 4110 lire
187 4075 242 4130 que
258 4081 264 4112 z
278 4057 357 4130 quod
367 4059 505 4115 du......e.
519 4060 668 4116 Duchesne
681 4081 697 4117 a
711 4063 842 4135 imprime
856 4086 862 4115 ι
880 4061 1046 4116 Guilelmus
1062 4061 1134 4116 dux.
1145 4091 1182 4106 ·-

124 4145 177 4200 hla
185 4145 261 4218 ligne
270 4149 403 4216 suiraute,
414 4166 484 4204 nous
493 4160 615 4206 mettum
623 4153 715 4219 nimis,
725 4151 834 4225 d’apres
843 4149 969 4205 l’edition
976 4149 1012 4205 de
1019 4150 1176 4207 Duchesne.

199 4261 249 4307 rv.
1017 4242 1058 4311 3l
