<?xml version="1.0" encoding="UTF-8"?>
<!DOCTYPE html PUBLIC "-//W3C//DTD XHTML 1.0 Transitional//EN"
    "http://www.w3.org/TR/xhtml1/DTD/xhtml1-transitional.dtd">
<html xmlns="http://www.w3.org/1999/xhtml" xml:lang="en" lang="en">
 <head>
  <title>
</title>
<meta http-equiv="Content-Type" content="text/html;charset=utf-8" />
  <meta name='ocr-system' content='tesseract 3.04.00' />
  <meta name='ocr-capabilities' content='ocr_page ocr_carea ocr_par ocr_line ocrx_word'/>
</head>
<body>
  <div class='ocr_page' id='page_1' title='image "./ordericivitalis07deligoog/ordericivitalis07deligoog_0028.png"; bbox 0 0 2888 4934; ppageno 0'>
   <div class='ocr_carea' id='block_1_1' title="bbox 110 430 1174 514">
    <p class='ocr_par' dir='ltr' id='par_1_1' title="bbox 110 430 1174 514">
     <span class='ocr_line' id='line_1_1' title="bbox 110 430 1174 514; baseline 0.003 -21"><span class='ocrx_word' id='word_1_1' title='bbox 110 433 322 514; x_wconf 68' lang='lat' dir='ltr'><strong>[roasroea]</strong></span> <span class='ocrx_word' id='word_1_2' title='bbox 483 431 601 492; x_wconf 79' lang='lat' dir='ltr'><strong>arnan</strong></span> <span class='ocrx_word' id='word_1_3' title='bbox 621 430 809 493; x_wconf 83' lang='lat' dir='ltr'><strong>nacruus.</strong></span> <span class='ocrx_word' id='word_1_4' title='bbox 1135 439 1174 497; x_wconf 81' lang='grc' dir='ltr'><strong>ιι</strong></span> 
     </span>
    </p>
   </div>
   <div class='ocr_carea' id='block_1_2' title="bbox 90 562 1229 2749">
    <p class='ocr_par' dir='ltr' id='par_1_2' title="bbox 90 562 1229 2749">
     <span class='ocr_line' id='line_1_2' title="bbox 90 562 1169 668; baseline 0.002 -30"><span class='ocrx_word' id='word_1_5' title='bbox 90 565 321 668; x_wconf 77' lang='lat' dir='ltr'><strong>&#39;praedictum</strong></span> <span class='ocrx_word' id='word_1_6' title='bbox 336 567 507 664; x_wconf 79' lang='lat' dir='ltr'><strong>juvenem</strong></span> <span class='ocrx_word' id='word_1_7' title='bbox 523 563 756 653; x_wconf 81' lang='lat' dir='ltr'><strong>excluserant,</strong></span> <span class='ocrx_word' id='word_1_8' title='bbox 772 562 962 638; x_wconf 84' lang='lat' dir='ltr'>obsidione</span> <span class='ocrx_word' id='word_1_9' title='bbox 975 565 1169 640; x_wconf 74' lang='lat' dir='ltr'><strong>coartabat.</strong></span> 
     </span>
     <span class='ocr_line' id='line_1_3' title="bbox 110 679 1173 781; baseline -0.001 -27"><span class='ocrx_word' id='word_1_10' title='bbox 110 682 163 754; x_wconf 84' lang='lat' dir='ltr'><strong>lbi</strong></span> <span class='ocrx_word' id='word_1_11' title='bbox 181 687 276 781; x_wconf 88' lang='lat' dir='ltr'><strong>Papa</strong></span> <span class='ocrx_word' id='word_1_12' title='bbox 291 696 472 780; x_wconf 86' lang='lat' dir='ltr'><strong>sequester</strong></span> <span class='ocrx_word' id='word_1_13' title='bbox 488 679 623 767; x_wconf 88' lang='lat' dir='ltr'><strong>aderat,</strong></span> <span class='ocrx_word' id='word_1_14' title='bbox 644 693 775 752; x_wconf 86' lang='lat' dir='ltr'><strong>etcum</strong></span> <span class='ocrx_word' id='word_1_15' title='bbox 794 679 988 753; x_wconf 80' lang='lat' dir='ltr'><strong>venerabili</strong></span> <span class='ocrx_word' id='word_1_16' title='bbox 1007 681 1173 755; x_wconf 77' lang='lat' dir='ltr'><strong>Ansolmo</strong></span> 
     </span>
     <span class='ocr_line' id='line_1_4' title="bbox 110 793 1174 896; baseline 0.001 -28"><span class='ocrx_word' id='word_1_17' title='bbox 110 797 306 896; x_wconf 80' lang='lat' dir='ltr'><strong>legationes</strong></span> <span class='ocrx_word' id='word_1_18' title='bbox 329 798 427 896; x_wconf 87' lang='lat' dir='ltr'><strong>pacis</strong></span> <span class='ocrx_word' id='word_1_19' title='bbox 451 797 543 868; x_wconf 90' lang='lat' dir='ltr'><strong>inter</strong></span> <span class='ocrx_word' id='word_1_20' title='bbox 564 793 774 867; x_wconf 84' lang='lat' dir='ltr'><strong>dissidentes</strong></span> <span class='ocrx_word' id='word_1_21' title='bbox 795 794 989 870; x_wconf 79' lang='lat' dir='ltr'><strong>deferebat.</strong></span> <span class='ocrx_word' id='word_1_22' title='bbox 1016 797 1174 871; x_wconf 81' lang='lat' dir='ltr'><strong>Tandem</strong></span> 
     </span>
     <span class='ocr_line' id='line_1_5' title="bbox 110 910 1174 1013; baseline -0.001 -27"><span class='ocrx_word' id='word_1_23' title='bbox 110 939 233 986; x_wconf 85' lang='lat' dir='ltr'><strong>comes</strong></span> <span class='ocrx_word' id='word_1_24' title='bbox 261 914 452 1013; x_wconf 86' lang='lat' dir='ltr'><strong>pristinum</strong></span> <span class='ocrx_word' id='word_1_25' title='bbox 482 912 683 1001; x_wconf 90' lang='lat' dir='ltr'><strong>honorem,</strong></span> <span class='ocrx_word' id='word_1_26' title='bbox 716 911 927 1008; x_wconf 84' lang='lat' dir='ltr'><strong>compressis</strong></span> <span class='ocrx_word' id='word_1_27' title='bbox 955 910 1174 1003; x_wconf 78' lang='lat' dir='ltr'><strong>rebellibus,</strong></span> 
     </span>
     <span class='ocr_line' id='line_1_6' title="bbox 111 1025 1173 1129; baseline 0 -26"><span class='ocrx_word' id='word_1_28' title='bbox 111 1031 237 1129; x_wconf 87' lang='lat' dir='ltr'><strong>nepoti</strong></span> <span class='ocrx_word' id='word_1_29' title='bbox 250 1054 317 1102; x_wconf 87' lang='lat' dir='ltr'><strong>suo</strong></span> <span class='ocrx_word' id='word_1_30' title='bbox 335 1028 504 1117; x_wconf 89' lang='lat' dir='ltr'><strong>restituit,</strong></span> <span class='ocrx_word' id='word_1_31' title='bbox 528 1027 632 1124; x_wconf 89' lang='lat' dir='ltr'><strong>eique</strong></span> <span class='ocrx_word' id='word_1_32' title='bbox 649 1030 745 1126; x_wconf 87' lang='lat' dir='ltr'><strong>Papa</strong></span> <span class='ocrx_word' id='word_1_33' title='bbox 762 1025 938 1097; x_wconf 92' lang='lat' dir='ltr'><strong>domnum</strong></span> <span class='ocrx_word' id='word_1_34' title='bbox 954 1027 1173 1119; x_wconf 66' lang='lat' dir='ltr'><strong>anselmum,</strong></span> 
     </span>
     <span class='ocr_line' id='line_1_7' title="bbox 112 1140 1176 1244; baseline 0 -28"><span class='ocrx_word' id='word_1_35' title='bbox 112 1159 149 1217; x_wconf 94' lang='lat' dir='ltr'><strong>et</strong></span> <span class='ocrx_word' id='word_1_36' title='bbox 176 1146 243 1244; x_wconf 92' lang='lat' dir='ltr'><strong>ipsi</strong></span> <span class='ocrx_word' id='word_1_37' title='bbox 269 1144 455 1218; x_wconf 91' lang='lat' dir='ltr'><strong>consulem</strong></span> <span class='ocrx_word' id='word_1_38' title='bbox 480 1140 758 1214; x_wconf 86' lang='lat' dir='ltr'><strong>commendavit.</strong></span> <span class='ocrx_word' id='word_1_39' title='bbox 785 1145 947 1240; x_wconf 88' lang='lat' dir='ltr'><strong>Cumque</strong></span> <span class='ocrx_word' id='word_1_40' title='bbox 975 1144 1176 1218; x_wconf 90' lang='lat' dir='ltr'><strong>Concilium</strong></span> 
     </span>
     <span class='ocr_line' id='line_1_8' title="bbox 111 1260 1176 1360; baseline 0.001 -28"><span class='ocrx_word' id='word_1_41' title='bbox 111 1260 209 1360; x_wconf 86' lang='lat' dir='ltr'><strong>apud</strong></span> <span class='ocrx_word' id='word_1_42' title='bbox 232 1266 362 1333; x_wconf 88' lang='lat' dir='ltr'><strong>Barum</strong></span> <span class='ocrx_word' id='word_1_43' title='bbox 381 1260 482 1357; x_wconf 89' lang='lat' dir='ltr'><strong>jussu</strong></span> <span class='ocrx_word' id='word_1_44' title='bbox 501 1263 603 1356; x_wconf 87' lang='lat' dir='ltr'><strong>Papae</strong></span> <span class='ocrx_word' id='word_1_45' title='bbox 620 1271 876 1355; x_wconf 86' lang='lat' dir='ltr'><strong>congregatum</strong></span> <span class='ocrx_word' id='word_1_46' title='bbox 891 1273 996 1348; x_wconf 90' lang='lat' dir='ltr'><strong>esset,</strong></span> <span class='ocrx_word' id='word_1_47' title='bbox 1019 1275 1056 1330; x_wconf 91' lang='lat' dir='ltr'><strong>et</strong></span> <span class='ocrx_word' id='word_1_48' title='bbox 1073 1261 1176 1359; x_wconf 90' lang='lat' dir='ltr'><strong>copia</strong></span> 
     </span>
     <span class='ocr_line' id='line_1_9' title="bbox 111 1373 1176 1474; baseline 0.002 -28"><span class='ocrx_word' id='word_1_49' title='bbox 111 1376 362 1474; x_wconf 84' lang='lat' dir='ltr'><strong>perplexarum</strong></span> <span class='ocrx_word' id='word_1_50' title='bbox 385 1376 430 1447; x_wconf 92' lang='lat' dir='ltr'><strong>de</strong></span> <span class='ocrx_word' id='word_1_51' title='bbox 456 1373 546 1462; x_wconf 86' lang='lat' dir='ltr'><strong>fide,</strong></span> <span class='ocrx_word' id='word_1_52' title='bbox 573 1373 720 1470; x_wconf 89' lang='lat' dir='ltr'><strong>aliisque</strong></span> <span class='ocrx_word' id='word_1_53' title='bbox 742 1376 916 1472; x_wconf 89' lang='lat' dir='ltr'><strong>mysteriis</strong></span> <span class='ocrx_word' id='word_1_54' title='bbox 938 1378 1176 1473; x_wconf 72' lang='lat' dir='ltr'><strong>questionum</strong></span> 
     </span>
     <span class='ocr_line' id='line_1_10' title="bbox 112 1490 1177 1592; baseline 0.003 -29"><span class='ocrx_word' id='word_1_55' title='bbox 112 1515 132 1563; x_wconf 87' lang='lat' dir='ltr'><strong>a</strong></span> <span class='ocrx_word' id='word_1_56' title='bbox 155 1493 287 1564; x_wconf 87' lang='lat' dir='ltr'><strong>Graecis</strong></span> <span class='ocrx_word' id='word_1_57' title='bbox 308 1490 448 1591; x_wconf 89' lang='lat' dir='ltr'><strong>prolata</strong></span> <span class='ocrx_word' id='word_1_58' title='bbox 464 1491 605 1578; x_wconf 84' lang='lat' dir='ltr'><strong>fiiiaeet,</strong></span> <span class='ocrx_word' id='word_1_59' title='bbox 628 1491 729 1587; x_wconf 87' lang='lat' dir='ltr'><strong>jussu</strong></span> <span class='ocrx_word' id='word_1_60' title='bbox 750 1496 852 1590; x_wconf 85' lang='lat' dir='ltr'><strong>Papae</strong></span> <span class='ocrx_word' id='word_1_61' title='bbox 870 1507 970 1592; x_wconf 83' lang='lat' dir='ltr'><strong>pater</strong></span> <span class='ocrx_word' id='word_1_62' title='bbox 991 1493 1177 1566; x_wconf 79' lang='lat' dir='ltr'><strong>Anselmus</strong></span> 
     </span>
     <span class='ocr_line' id='line_1_11' title="bbox 112 1606 1179 1711; baseline 0.005 -32"><span class='ocrx_word' id='word_1_63' title='bbox 112 1608 317 1704; x_wconf 83' lang='lat' dir='ltr'><strong>generalem</strong></span> <span class='ocrx_word' id='word_1_64' title='bbox 332 1606 500 1680; x_wconf 89' lang='lat' dir='ltr'><strong>omnibus</strong></span> <span class='ocrx_word' id='word_1_65' title='bbox 516 1633 721 1681; x_wconf 87' lang='lat' dir='ltr'><strong>sermonem</strong></span> <span class='ocrx_word' id='word_1_66' title='bbox 736 1609 838 1697; x_wconf 82' lang='lat' dir='ltr'><strong>feeit,</strong></span> <span class='ocrx_word' id='word_1_67' title='bbox 866 1624 901 1680; x_wconf 90' lang='lat' dir='ltr'><strong>et</strong></span> <span class='ocrx_word' id='word_1_68' title='bbox 914 1609 961 1681; x_wconf 88' lang='lat' dir='ltr'><strong>ad</strong></span> <span class='ocrx_word' id='word_1_69' title='bbox 977 1613 1179 1711; x_wconf 83' lang='lat' dir='ltr'><strong>propositas</strong></span> 
     </span>
     <span class='ocr_line' id='line_1_12' title="bbox 112 1723 1180 1826; baseline 0.005 -32"><span class='ocrx_word' id='word_1_70' title='bbox 112 1724 360 1822; x_wconf 84' lang='lat' dir='ltr'><strong>inquisitiones</strong></span> <span class='ocrx_word' id='word_1_71' title='bbox 369 1723 490 1797; x_wconf 82' lang='lat' dir='ltr'><strong>artbtili</strong></span> <span class='ocrx_word' id='word_1_72' title='bbox 500 1723 689 1820; x_wconf 89' lang='lat' dir='ltr'><strong>lucidaque</strong></span> <span class='ocrx_word' id='word_1_73' title='bbox 700 1725 831 1795; x_wconf 79' lang='lat' dir='ltr'><strong>Graecis</strong></span> <span class='ocrx_word' id='word_1_74' title='bbox 844 1738 880 1796; x_wconf 89' lang='lat' dir='ltr'><strong>et</strong></span> <span class='ocrx_word' id='word_1_75' title='bbox 891 1726 1022 1796; x_wconf 88' lang='lat' dir='ltr'><strong>Latinis</strong></span> <span class='ocrx_word' id='word_1_76' title='bbox 1034 1751 1180 1826; x_wconf 90' lang='lat' dir='ltr'><strong>respon·</strong></span> 
     </span>
     <span class='ocr_line' id='line_1_13' title="bbox 112 1839 1178 1939; baseline 0.006 -29"><span class='ocrx_word' id='word_1_77' title='bbox 112 1840 215 1911; x_wconf 89' lang='lat' dir='ltr'><strong>sione</strong></span> <span class='ocrx_word' id='word_1_78' title='bbox 238 1839 406 1912; x_wconf 84' lang='lat' dir='ltr'><strong>satisfecit</strong></span> <span class='ocrx_word' id='word_1_79' title='bbox 422 1839 489 1937; x_wconf 83' lang='lat' dir='ltr'><strong>(l).</strong></span> <span class='ocrx_word' id='word_1_80' title='bbox 511 1843 674 1937; x_wconf 91' lang='lat' dir='ltr'><strong>Cumque</strong></span> <span class='ocrx_word' id='word_1_81' title='bbox 698 1840 862 1937; x_wconf 80' lang='lat' dir='ltr'><strong>praefatus</strong></span> <span class='ocrx_word' id='word_1_82' title='bbox 891 1844 987 1939; x_wconf 89' lang='lat' dir='ltr'><strong>Papa</strong></span> <span class='ocrx_word' id='word_1_83' title='bbox 1007 1846 1098 1934; x_wconf 87' lang='lat' dir='ltr'><strong>Deo,</strong></span> <span class='ocrx_word' id='word_1_84' title='bbox 1117 1866 1178 1915; x_wconf 88' lang='lat' dir='ltr'><strong>ca·</strong></span> 
     </span>
     <span class='ocr_line' id='line_1_14' title="bbox 114 1941 1229 2057; baseline 0.006 -32"><span class='ocrx_word' id='word_1_85' title='bbox 114 1953 326 2053; x_wconf 64' lang='lat' dir='ltr'><strong>tholioeque</strong></span> <span class='ocrx_word' id='word_1_86' title='bbox 351 1955 447 2054; x_wconf 89' lang='lat' dir='ltr'><strong>plebi</strong></span> <span class='ocrx_word' id='word_1_87' title='bbox 471 1954 703 2055; x_wconf 84' lang='lat' dir='ltr'><strong>apostolicam</strong></span> <span class='ocrx_word' id='word_1_88' title='bbox 728 1956 936 2028; x_wconf 85' lang='lat' dir='ltr'><strong>servitutem</strong></span> <span class='ocrx_word' id='word_1_89' title='bbox 961 1961 1153 2057; x_wconf 84' lang='lat' dir='ltr'><strong>peregisset</strong></span> <span class='ocrx_word' id='word_1_90' title='bbox 1166 1984 1185 2050; x_wconf 65' lang='lat'><strong>5·</strong></span> <span class='ocrx_word' id='word_1_91' title='bbox 1226 1941 1229 1946; x_wconf 87' lang='lat'><em>.</em></span> 
     </span>
     <span class='ocr_line' id='line_1_15' title="bbox 113 2070 1180 2174; baseline 0.005 -33"><span class='ocrx_word' id='word_1_92' title='bbox 113 2085 150 2141; x_wconf 90' lang='lat' dir='ltr'><strong>et</strong></span> <span class='ocrx_word' id='word_1_93' title='bbox 168 2071 205 2141; x_wconf 92' lang='lat' dir='ltr'><strong>in</strong></span> <span class='ocrx_word' id='word_1_94' title='bbox 221 2070 414 2144; x_wconf 85' lang='lat' dir='ltr'><strong>Gallicanis</strong></span> <span class='ocrx_word' id='word_1_95' title='bbox 430 2071 655 2169; x_wconf 80' lang='lat' dir='ltr'><strong>regionibus,</strong></span> <span class='ocrx_word' id='word_1_96' title='bbox 677 2070 774 2143; x_wconf 88' lang='lat' dir='ltr'><strong>unde</strong></span> <span class='ocrx_word' id='word_1_97' title='bbox 790 2071 993 2170; x_wconf 78' lang='lat' dir='ltr'><strong>prodierat,</strong></span> <span class='ocrx_word' id='word_1_98' title='bbox 1021 2075 1094 2147; x_wconf 78' lang='lat' dir='ltr'><strong>stris</strong></span> <span class='ocrx_word' id='word_1_99' title='bbox 1110 2075 1180 2174; x_wconf 80' lang='lat' dir='ltr'><strong>spi·</strong></span> 
     </span>
     <span class='ocr_line' id='line_1_16' title="bbox 114 2187 1178 2290; baseline 0.006 -33"><span class='ocrx_word' id='word_1_100' title='bbox 114 2187 697 2286; x_wconf 85' lang='lat' dir='ltr'><strong>ritualiterprolioeredecrevisset,</strong></span> <span class='ocrx_word' id='word_1_101' title='bbox 705 2189 887 2286; x_wconf 86' lang='lat' dir='ltr'><strong>ingentem</strong></span> <span class='ocrx_word' id='word_1_102' title='bbox 893 2189 1073 2285; x_wconf 88' lang='lat' dir='ltr'><strong>synodum</strong></span> <span class='ocrx_word' id='word_1_103' title='bbox 1081 2191 1178 2290; x_wconf 82' lang='lat' dir='ltr'><strong>apud</strong></span> 
     </span>
     <span class='ocr_line' id='line_1_17' title="bbox 113 2303 1179 2406; baseline 0.006 -31"><span class='ocrx_word' id='word_1_104' title='bbox 113 2303 441 2393; x_wconf 88' lang='lat' dir='ltr'><strong>Clarummontem,</strong></span> <span class='ocrx_word' id='word_1_105' title='bbox 472 2304 644 2377; x_wconf 75' lang='lat' dir='ltr'><strong>alverniae</strong></span> <span class='ocrx_word' id='word_1_106' title='bbox 673 2304 821 2395; x_wconf 89' lang='lat' dir='ltr'><strong>urbem,</strong></span> <span class='ocrx_word' id='word_1_107' title='bbox 844 2305 977 2394; x_wconf 89' lang='lat' dir='ltr'><strong>tenuit,</strong></span> <span class='ocrx_word' id='word_1_108' title='bbox 1002 2307 1179 2406; x_wconf 79' lang='lat' dir='ltr'><strong>populum</strong></span> 
     </span>
     <span class='ocr_line' id='line_1_18' title="bbox 112 2420 1181 2523; baseline 0.003 -31"><span class='ocrx_word' id='word_1_109' title='bbox 112 2420 261 2492; x_wconf 89' lang='lat' dir='ltr'><strong>Domini</strong></span> <span class='ocrx_word' id='word_1_110' title='bbox 278 2436 404 2493; x_wconf 88' lang='lat' dir='ltr'><strong>oontra</strong></span> <span class='ocrx_word' id='word_1_111' title='bbox 429 2420 601 2493; x_wconf 87' lang='lat' dir='ltr'><strong>Ethuicos</strong></span> <span class='ocrx_word' id='word_1_112' title='bbox 624 2421 774 2520; x_wconf 85' lang='lat' dir='ltr'><strong>praeliari</strong></span> <span class='ocrx_word' id='word_1_113' title='bbox 796 2420 1030 2495; x_wconf 83' lang='lat' dir='ltr'><strong>admonendo</strong></span> <span class='ocrx_word' id='word_1_114' title='bbox 1044 2428 1181 2523; x_wconf 69' lang='lat' dir='ltr'><strong>&#39;pratea-</strong></span> 
     </span>
     <span class='ocr_line' id='line_1_19' title="bbox 112 2534 1181 2635; baseline 0.002 -28"><span class='ocrx_word' id='word_1_115' title='bbox 112 2537 185 2634; x_wconf 90' lang='lat' dir='ltr'><strong>pit,</strong></span> <span class='ocrx_word' id='word_1_116' title='bbox 204 2552 240 2608; x_wconf 92' lang='lat' dir='ltr'><strong>et</strong></span> <span class='ocrx_word' id='word_1_117' title='bbox 251 2561 396 2610; x_wconf 88' lang='lat' dir='ltr'><strong>cmoem</strong></span> <span class='ocrx_word' id='word_1_118' title='bbox 414 2538 579 2628; x_wconf 90' lang='lat' dir='ltr'><strong>Domini,</strong></span> <span class='ocrx_word' id='word_1_119' title='bbox 594 2561 675 2634; x_wconf 86' lang='lat' dir='ltr'><strong>quae</strong></span> <span class='ocrx_word' id='word_1_120' title='bbox 687 2536 889 2610; x_wconf 85' lang='lat' dir='ltr'><strong>Diaboloet</strong></span> <span class='ocrx_word' id='word_1_121' title='bbox 905 2538 1007 2609; x_wconf 90' lang='lat' dir='ltr'><strong>omni</strong></span> <span class='ocrx_word' id='word_1_122' title='bbox 1022 2534 1181 2635; x_wconf 65' lang='lat' dir='ltr'><strong>maligni·</strong></span> 
     </span>
     <span class='ocr_line' id='line_1_20' title="bbox 113 2651 1175 2749; baseline -0.001 -25"><span class='ocrx_word' id='word_1_123' title='bbox 113 2654 178 2724; x_wconf 87' lang='lat' dir='ltr'><strong>tati</strong></span> <span class='ocrx_word' id='word_1_124' title='bbox 194 2651 376 2724; x_wconf 76' lang='lat' dir='ltr'><strong>formidini</strong></span> <span class='ocrx_word' id='word_1_125' title='bbox 397 2668 470 2744; x_wconf 90' lang='lat' dir='ltr'><strong>est,</strong></span> <span class='ocrx_word' id='word_1_126' title='bbox 493 2655 531 2724; x_wconf 90' lang='lat' dir='ltr'><strong>in</strong></span> <span class='ocrx_word' id='word_1_127' title='bbox 554 2652 713 2725; x_wconf 89' lang='lat' dir='ltr'><strong>humeris</strong></span> <span class='ocrx_word' id='word_1_128' title='bbox 737 2654 810 2724; x_wconf 86' lang='lat' dir='ltr'><strong>suis</strong></span> <span class='ocrx_word' id='word_1_129' title='bbox 829 2653 919 2725; x_wconf 84' lang='lat' dir='ltr'><strong>serre</strong></span> <span class='ocrx_word' id='word_1_130' title='bbox 943 2651 1175 2749; x_wconf 48' lang='lat' dir='ltr'><strong>instituit&amp;</strong></span> 
     </span>
    </p>
   </div>
   <div class='ocr_carea' id='block_1_3' title="bbox 115 2934 1184 4235">
    <p class='ocr_par' dir='ltr' id='par_1_3' title="bbox 115 2934 1184 3894">
     <span class='ocr_line' id='line_1_21' title="bbox 151 2934 1181 3009; baseline 0.003 -19"><span class='ocrx_word' id='word_1_131' title='bbox 151 2935 191 3007; x_wconf 87' lang='grc'><strong>(4)</strong></span> <span class='ocrx_word' id='word_1_132' title='bbox 209 2936 249 2991; x_wconf 82' lang='lat' dir='ltr'><strong>Ce</strong></span> <span class='ocrx_word' id='word_1_133' title='bbox 260 2935 331 2990; x_wconf 74' lang='lat' dir='ltr'><strong>recit</strong></span> <span class='ocrx_word' id='word_1_134' title='bbox 343 2936 412 2991; x_wconf 83' lang='lat' dir='ltr'><strong>n&#39;est</strong></span> <span class='ocrx_word' id='word_1_135' title='bbox 426 2937 507 3009; x_wconf 90' lang='lat' dir='ltr'><strong>point</strong></span> <span class='ocrx_word' id='word_1_136' title='bbox 519 2948 608 2993; x_wconf 83' lang='lat' dir='ltr'><strong>exact.</strong></span> <span class='ocrx_word' id='word_1_137' title='bbox 621 2937 700 2994; x_wconf 85' lang='lat' dir='ltr'><strong>Saiut</strong></span> <span class='ocrx_word' id='word_1_138' title='bbox 713 2935 844 2993; x_wconf 81' lang='lat' dir='ltr'><strong>Anselme</strong></span> <span class='ocrx_word' id='word_1_139' title='bbox 857 2935 937 2990; x_wconf 84' lang='lat' dir='ltr'><strong>n’alla</strong></span> <span class='ocrx_word' id='word_1_140' title='bbox 952 2935 1033 3007; x_wconf 90' lang='lat' dir='ltr'><strong>point</strong></span> <span class='ocrx_word' id='word_1_141' title='bbox 1043 2934 1181 2993; x_wconf 85' lang='lat' dir='ltr'><strong>chereber</strong></span> 
     </span>
     <span class='ocr_line' id='line_1_22' title="bbox 115 3022 1182 3101; baseline 0 -22"><span class='ocrx_word' id='word_1_142' title='bbox 115 3022 234 3079; x_wconf 78' lang='lat' dir='ltr'><strong>annales</strong></span> <span class='ocrx_word' id='word_1_143' title='bbox 247 3040 322 3078; x_wconf 81' lang='lat' dir='ltr'><strong>mora</strong></span> <span class='ocrx_word' id='word_1_144' title='bbox 333 3023 370 3079; x_wconf 87' lang='lat' dir='ltr'><strong>de</strong></span> <span class='ocrx_word' id='word_1_145' title='bbox 381 3024 496 3099; x_wconf 84' lang='lat' dir='ltr'><strong>Capone</strong></span> <span class='ocrx_word' id='word_1_146' title='bbox 505 3025 613 3082; x_wconf 87' lang='lat' dir='ltr'><strong>Urbain</strong></span> <span class='ocrx_word' id='word_1_147' title='bbox 625 3026 663 3093; x_wconf 85' lang='grc' dir='ltr'><strong>ΙΙ,</strong></span> <span class='ocrx_word' id='word_1_148' title='bbox 676 3025 726 3101; x_wconf 89' lang='lat' dir='ltr'><strong>qui</strong></span> <span class='ocrx_word' id='word_1_149' title='bbox 739 3024 830 3079; x_wconf 79' lang='lat' dir='ltr'><strong>l’avait</strong></span> <span class='ocrx_word' id='word_1_150' title='bbox 842 3036 908 3098; x_wconf 78' lang='lat' dir='ltr'><strong>reqn</strong></span> <span class='ocrx_word' id='word_1_151' title='bbox 920 3026 937 3078; x_wconf 77' lang='lat' dir='ltr'><strong>a</strong></span> <span class='ocrx_word' id='word_1_152' title='bbox 948 3022 1040 3081; x_wconf 76' lang='lat' dir='ltr'><strong>Rome</strong></span> <span class='ocrx_word' id='word_1_153' title='bbox 1051 3033 1080 3080; x_wconf 87' lang='lat' dir='ltr'><strong>ot</strong></span> <span class='ocrx_word' id='word_1_154' title='bbox 1089 3023 1182 3081; x_wconf 79' lang='lat' dir='ltr'><strong>l&#39;avalt</strong></span> 
     </span>
     <span class='ocr_line' id='line_1_23' title="bbox 115 3110 1181 3188; baseline 0 -20"><span class='ocrx_word' id='word_1_155' title='bbox 115 3123 217 3168; x_wconf 87' lang='lat' dir='ltr'><strong>retenu</strong></span> <span class='ocrx_word' id='word_1_156' title='bbox 228 3110 320 3167; x_wconf 82' lang='lat' dir='ltr'><strong>deux</strong></span> <span class='ocrx_word' id='word_1_157' title='bbox 309 3131 399 3184; x_wconf 80' lang='lat' dir='ltr'><strong>Jonra</strong></span> <span class='ocrx_word' id='word_1_158' title='bbox 396 3111 471 3169; x_wconf 63' lang='lat' dir='ltr'><strong>dane</strong></span> <span class='ocrx_word' id='word_1_159' title='bbox 480 3132 530 3169; x_wconf 82' lang='lat' dir='ltr'><strong>aon</strong></span> <span class='ocrx_word' id='word_1_160' title='bbox 543 3114 628 3188; x_wconf 83' lang='lat' dir='ltr'><strong>palare</strong></span> <span class='ocrx_word' id='word_1_161' title='bbox 637 3114 673 3171; x_wconf 85' lang='lat' dir='ltr'><strong>de</strong></span> <span class='ocrx_word' id='word_1_162' title='bbox 686 3115 797 3171; x_wconf 63' lang='lat' dir='ltr'><strong>latren</strong></span> <span class='ocrx_word' id='word_1_163' title='bbox 810 3112 885 3169; x_wconf 79' lang='lat' dir='ltr'><strong>C&#39;eat</strong></span> <span class='ocrx_word' id='word_1_164' title='bbox 895 3111 1129 3172; x_wconf 74' lang='lat' dir='ltr'><strong>enrlademande</strong></span> <span class='ocrx_word' id='word_1_165' title='bbox 1141 3112 1181 3170; x_wconf 87' lang='lat' dir='ltr'><strong>dn</strong></span> 
     </span>
     <span class='ocr_line' id='line_1_24' title="bbox 115 3200 1181 3278; baseline 0.003 -22"><span class='ocrx_word' id='word_1_166' title='bbox 115 3211 209 3257; x_wconf 84' lang='lat' dir='ltr'><strong>comte</strong></span> <span class='ocrx_word' id='word_1_167' title='bbox 216 3200 321 3275; x_wconf 87' lang='lat' dir='ltr'><strong>Roger,</strong></span> <span class='ocrx_word' id='word_1_168' title='bbox 331 3220 397 3276; x_wconf 88' lang='lat' dir='ltr'><strong>que,</strong></span> <span class='ocrx_word' id='word_1_169' title='bbox 408 3201 648 3278; x_wconf 82' lang='lat' dir='ltr'><strong>aasezlongtemps</strong></span> <span class='ocrx_word' id='word_1_170' title='bbox 657 3202 738 3277; x_wconf 71' lang='lat' dir='ltr'><strong>apres</strong></span> <span class='ocrx_word' id='word_1_171' title='bbox 747 3219 796 3259; x_wconf 83' lang='lat' dir='ltr'><strong>sou</strong></span> <span class='ocrx_word' id='word_1_172' title='bbox 810 3200 939 3258; x_wconf 74' lang='lat' dir='ltr'><strong>arriveel</strong></span> <span class='ocrx_word' id='word_1_173' title='bbox 952 3200 1042 3257; x_wconf 87' lang='lat' dir='ltr'><strong>Rome</strong></span> <span class='ocrx_word' id='word_1_174' title='bbox 1055 3211 1085 3256; x_wconf 86' lang='lat' dir='ltr'><strong>et</strong></span> <span class='ocrx_word' id='word_1_175' title='bbox 1095 3219 1123 3257; x_wconf 96' lang='grc' dir='ltr'><strong>ιι</strong></span> <span class='ocrx_word' id='word_1_176' title='bbox 1128 3220 1181 3261; x_wconf 84' lang='lat' dir='ltr'><strong>re-</strong></span> 
     </span>
     <span class='ocr_line' id='line_1_25' title="bbox 115 3268 1180 3362; baseline 0.002 -19"><span class='ocrx_word' id='word_1_177' title='bbox 115 3289 201 3344; x_wconf 83' lang='lat' dir='ltr'><strong>traite</strong></span> <span class='ocrx_word' id='word_1_178' title='bbox 210 3289 281 3347; x_wconf 80' lang='lat' dir='ltr'><strong>dans</strong></span> <span class='ocrx_word' id='word_1_179' title='bbox 290 3289 318 3345; x_wconf 88' lang='lat' dir='ltr'><strong>la</strong></span> <span class='ocrx_word' id='word_1_180' title='bbox 329 3291 419 3346; x_wconf 81' lang='lat' dir='ltr'><strong>Terre</strong></span> <span class='ocrx_word' id='word_1_181' title='bbox 433 3289 468 3347; x_wconf 90' lang='lat' dir='ltr'><strong>de</strong></span> <span class='ocrx_word' id='word_1_182' title='bbox 481 3289 601 3360; x_wconf 78' lang='lat' dir='ltr'><strong>labour,</strong></span> <span class='ocrx_word' id='word_1_183' title='bbox 618 3290 638 3346; x_wconf 91' lang='lat' dir='ltr'><strong>il</strong></span> <span class='ocrx_word' id='word_1_184' title='bbox 652 3309 680 3347; x_wconf 82' lang='lat' dir='ltr'><strong>ae</strong></span> <span class='ocrx_word' id='word_1_185' title='bbox 693 3289 787 3345; x_wconf 86' lang='lat' dir='ltr'><strong>rendit</strong></span> <span class='ocrx_word' id='word_1_186' title='bbox 799 3308 834 3345; x_wconf 86' lang='lat' dir='ltr'><strong>au</strong></span> <span class='ocrx_word' id='word_1_187' title='bbox 847 3308 927 3362; x_wconf 88' lang='lat' dir='ltr'><strong>camp</strong></span> <span class='ocrx_word' id='word_1_188' title='bbox 940 3276 1041 3344; x_wconf 83' lang='lat' dir='ltr'><strong>devant</strong></span> <span class='ocrx_word' id='word_1_189' title='bbox 1053 3268 1180 3362; x_wconf 87' lang='lat' dir='ltr'><strong>Capone,</strong></span> 
     </span>
     <span class='ocr_line' id='line_1_26' title="bbox 116 3372 1181 3455; baseline 0 -23"><span class='ocrx_word' id='word_1_190' title='bbox 116 3378 153 3432; x_wconf 80' lang='lat' dir='ltr'><strong>ori</strong></span> <span class='ocrx_word' id='word_1_191' title='bbox 165 3376 193 3432; x_wconf 83' lang='lat' dir='ltr'><strong>le</strong></span> <span class='ocrx_word' id='word_1_192' title='bbox 207 3377 323 3452; x_wconf 83' lang='lat' dir='ltr'><strong>Pape’</strong></span> <span class='ocrx_word' id='word_1_193' title='bbox 294 3397 314 3434; x_wconf 91' lang='lat' dir='ltr'><strong>n</strong></span> <span class='ocrx_word' id='word_1_194' title='bbox 324 3380 413 3435; x_wconf 83' lang='lat' dir='ltr'><strong>arrira</strong></span> <span class='ocrx_word' id='word_1_195' title='bbox 425 3396 465 3455; x_wconf 88' lang='lat' dir='ltr'><strong>qn</strong></span> <span class='ocrx_word' id='word_1_196' title='bbox 464 3378 553 3453; x_wconf 71' lang='lat' dir='ltr'><strong>’apres</strong></span> <span class='ocrx_word' id='word_1_197' title='bbox 565 3378 616 3434; x_wconf 89' lang='lat' dir='ltr'><strong>lui</strong></span> <span class='ocrx_word' id='word_1_198' title='bbox 632 3380 669 3434; x_wconf 87' lang='lat' dir='ltr'><strong>Le</strong></span> <span class='ocrx_word' id='word_1_199' title='bbox 684 3378 788 3434; x_wconf 64' lang='lat' dir='ltr'><strong>service</strong></span> <span class='ocrx_word' id='word_1_200' title='bbox 805 3396 861 3454; x_wconf 89' lang='lat' dir='ltr'><strong>que</strong></span> <span class='ocrx_word' id='word_1_201' title='bbox 878 3378 973 3450; x_wconf 84' lang='lat' dir='ltr'><strong>Roger</strong></span> <span class='ocrx_word' id='word_1_202' title='bbox 989 3376 1084 3433; x_wconf 85' lang='lat' dir='ltr'><strong>rendit</strong></span> <span class='ocrx_word' id='word_1_203' title='bbox 1098 3372 1114 3431; x_wconf 79' lang='lat' dir='ltr'><strong>lt</strong></span> <span class='ocrx_word' id='word_1_204' title='bbox 1129 3390 1181 3432; x_wconf 79' lang='lat' dir='ltr'><strong>son</strong></span> 
     </span>
     <span class='ocr_line' id='line_1_27' title="bbox 116 3465 1184 3543; baseline 0.002 -23"><span class='ocrx_word' id='word_1_205' title='bbox 116 3465 214 3521; x_wconf 79' lang='lat' dir='ltr'><strong>cousin</strong></span> <span class='ocrx_word' id='word_1_206' title='bbox 226 3466 362 3536; x_wconf 61' lang='lat' dir='ltr'><strong>meme,</strong></span> <span class='ocrx_word' id='word_1_207' title='bbox 376 3487 412 3524; x_wconf 89' lang='lat' dir='ltr'><strong>ne</strong></span> <span class='ocrx_word' id='word_1_208' title='bbox 421 3469 465 3524; x_wconf 82' lang='lat' dir='ltr'><strong>fut</strong></span> <span class='ocrx_word' id='word_1_209' title='bbox 478 3486 526 3541; x_wconf 78' lang='lat' dir='ltr'><strong>pra</strong></span> <span class='ocrx_word' id='word_1_210' title='bbox 539 3487 612 3524; x_wconf 78' lang='lat' dir='ltr'><strong>aussi</strong></span> <span class='ocrx_word' id='word_1_211' title='bbox 604 3469 810 3525; x_wconf 67' lang='lat' dir='ltr'><strong>de&#39;sintdreaae</strong></span> <span class='ocrx_word' id='word_1_212' title='bbox 818 3485 875 3542; x_wconf 73' lang='lat' dir='ltr'><strong>que</strong></span> <span class='ocrx_word' id='word_1_213' title='bbox 883 3478 968 3524; x_wconf 74' lang='lat' dir='ltr'><strong>notre</strong></span> <span class='ocrx_word' id='word_1_214' title='bbox 980 3477 1082 3524; x_wconf 82' lang='lat' dir='ltr'><strong>auteur</strong></span> <span class='ocrx_word' id='word_1_215' title='bbox 1091 3466 1184 3543; x_wconf 66' lang='lat' dir='ltr'><strong>patuit</strong></span> 
     </span>
     <span class='ocr_line' id='line_1_28' title="bbox 117 3553 1183 3639; baseline 0.006 -31"><span class='ocrx_word' id='word_1_216' title='bbox 117 3553 213 3610; x_wconf 80' lang='lat' dir='ltr'><strong>l&#39;aroir</strong></span> <span class='ocrx_word' id='word_1_217' title='bbox 225 3554 327 3628; x_wconf 70' lang='lat' dir='ltr'><strong>pense,</strong></span> <span class='ocrx_word' id='word_1_218' title='bbox 338 3566 385 3612; x_wconf 75' lang='grc' dir='ltr'><strong>ιιι</strong></span> <span class='ocrx_word' id='word_1_219' title='bbox 403 3556 428 3611; x_wconf 89' lang='lat' dir='ltr'><strong>le</strong></span> <span class='ocrx_word' id='word_1_220' title='bbox 444 3558 541 3630; x_wconf 79' lang='grc' dir='ltr'><strong>ριίιιι</strong></span> <span class='ocrx_word' id='word_1_221' title='bbox 556 3557 591 3613; x_wconf 91' lang='lat' dir='ltr'><strong>de</strong></span> <span class='ocrx_word' id='word_1_222' title='bbox 602 3557 715 3630; x_wconf 83' lang='lat' dir='ltr'><strong>Capoue</strong></span> <span class='ocrx_word' id='word_1_223' title='bbox 731 3575 768 3611; x_wconf 85' lang='lat' dir='ltr'><strong>ne</strong></span> <span class='ocrx_word' id='word_1_224' title='bbox 782 3566 880 3613; x_wconf 80' lang='lat' dir='ltr'><strong>rantra</strong></span> <span class='ocrx_word' id='word_1_225' title='bbox 895 3554 965 3613; x_wconf 79' lang='lat' dir='ltr'><strong>dana</strong></span> <span class='ocrx_word' id='word_1_226' title='bbox 983 3573 1010 3611; x_wconf 82' lang='grc' dir='ltr'><strong>ιι</strong></span> <span class='ocrx_word' id='word_1_227' title='bbox 1027 3553 1092 3625; x_wconf 66' lang='lat' dir='ltr'><strong>vitta</strong></span> <span class='ocrx_word' id='word_1_228' title='bbox 1098 3554 1183 3639; x_wconf 62' lang='grc' dir='ltr'><strong>,ῳῆ</strong></span> 
     </span>
     <span class='ocr_line' id='line_1_29' title="bbox 117 3618 1183 3701; baseline 0.002 -4"><span class='ocrx_word' id='word_1_229' title='bbox 117 3641 262 3698; x_wconf 81' lang='lat' dir='ltr'><strong>condition</strong></span> <span class='ocrx_word' id='word_1_230' title='bbox 275 3636 348 3698; x_wconf 86' lang='lat' dir='ltr'><strong>dela</strong></span> <span class='ocrx_word' id='word_1_231' title='bbox 364 3645 438 3700; x_wconf 88' lang='lat' dir='ltr'><strong>tenir</strong></span> <span class='ocrx_word' id='word_1_232' title='bbox 450 3644 485 3699; x_wconf 89' lang='lat' dir='ltr'><strong>de</strong></span> <span class='ocrx_word' id='word_1_233' title='bbox 499 3644 550 3700; x_wconf 89' lang='lat' dir='ltr'><strong>lui</strong></span> <span class='ocrx_word' id='word_1_234' title='bbox 565 3646 602 3701; x_wconf 71' lang='lat' dir='ltr'><strong>1ae</strong></span> <span class='ocrx_word' id='word_1_235' title='bbox 618 3645 724 3700; x_wconf 86' lang='lat' dir='ltr'><strong>concile</strong></span> <span class='ocrx_word' id='word_1_236' title='bbox 741 3643 776 3700; x_wconf 90' lang='lat' dir='ltr'><strong>de</strong></span> <span class='ocrx_word' id='word_1_237' title='bbox 793 3642 856 3699; x_wconf 85' lang='lat' dir='ltr'><strong>Bari</strong></span> <span class='ocrx_word' id='word_1_238' title='bbox 872 3618 916 3698; x_wconf 80' lang='lat' dir='ltr'><strong>lut</strong></span> <span class='ocrx_word' id='word_1_239' title='bbox 927 3634 1026 3699; x_wconf 80' lang='lat' dir='ltr'><strong>ouvert</strong></span> <span class='ocrx_word' id='word_1_240' title='bbox 1042 3640 1068 3697; x_wconf 92' lang='lat' dir='ltr'><strong>le</strong></span> <span class='ocrx_word' id='word_1_241' title='bbox 1084 3646 1124 3698; x_wconf 64' lang='grc' dir='ltr'><strong>4π</strong></span> <span class='ocrx_word' id='word_1_242' title='bbox 1133 3652 1183 3699; x_wconf 75' lang='lat' dir='ltr'><strong>oo·</strong></span> 
     </span>
     <span class='ocr_line' id='line_1_30' title="bbox 117 3724 1181 3806; baseline 0.003 -21"><span class='ocrx_word' id='word_1_243' title='bbox 117 3731 199 3786; x_wconf 89' lang='lat' dir='ltr'><strong>tobre</strong></span> <span class='ocrx_word' id='word_1_244' title='bbox 211 3736 291 3798; x_wconf 87' lang='grc'>4998,</span> <span class='ocrx_word' id='word_1_245' title='bbox 305 3742 334 3787; x_wconf 88' lang='lat' dir='ltr'><strong>et</strong></span> <span class='ocrx_word' id='word_1_246' title='bbox 344 3750 400 3787; x_wconf 92' lang='lat' dir='ltr'><strong>uon</strong></span> <span class='ocrx_word' id='word_1_247' title='bbox 414 3750 462 3806; x_wconf 80' lang='lat' dir='ltr'><strong>pas</strong></span> <span class='ocrx_word' id='word_1_248' title='bbox 475 3737 554 3799; x_wconf 86' lang='grc'>4999,</span> <span class='ocrx_word' id='word_1_249' title='bbox 566 3750 757 3791; x_wconf 79' lang='lat' dir='ltr'><strong>commenous</strong></span> <span class='ocrx_word' id='word_1_250' title='bbox 770 3731 872 3786; x_wconf 81' lang='lat' dir='ltr'><strong>l’arons</strong></span> <span class='ocrx_word' id='word_1_251' title='bbox 881 3730 949 3787; x_wconf 88' lang='lat' dir='ltr'><strong>dita</strong></span> <span class='ocrx_word' id='word_1_252' title='bbox 960 3740 1019 3787; x_wconf 91' lang='lat' dir='ltr'><strong>tort</strong></span> <span class='ocrx_word' id='word_1_253' title='bbox 1029 3724 1181 3798; x_wconf 72' lang='lat' dir='ltr'><strong>d-deadl’,</strong></span> 
     </span>
     <span class='ocr_line' id='line_1_31' title="bbox 118 3819 794 3894; baseline -0.003 -19"><span class='ocrx_word' id='word_1_254' title='bbox 118 3828 141 3875; x_wconf 79' lang='lat' dir='ltr'><strong>t.</strong></span> <span class='ocrx_word' id='word_1_255' title='bbox 151 3819 212 3887; x_wconf 47' lang='lat'><strong>11‘1,</strong></span> <span class='ocrx_word' id='word_1_256' title='bbox 229 3839 256 3893; x_wconf 92' lang='lat' dir='ltr'><strong>p.</strong></span> <span class='ocrx_word' id='word_1_257' title='bbox 271 3823 333 3887; x_wconf 77' lang='grc'>947,</span> <span class='ocrx_word' id='word_1_258' title='bbox 348 3820 458 3894; x_wconf 75' lang='grc' dir='ltr'><strong>ἀίριὲι</strong></span> <span class='ocrx_word' id='word_1_259' title='bbox 470 3822 509 3876; x_wconf 82' lang='lat' dir='ltr'><strong>les</strong></span> <span class='ocrx_word' id='word_1_260' title='bbox 522 3823 672 3879; x_wconf 64' lang='lat' dir='ltr'><strong>historiens</strong></span> <span class='ocrx_word' id='word_1_261' title='bbox 686 3825 794 3878; x_wconf 79' lang='lat' dir='ltr'><strong>loeaux.</strong></span> 
     </span>
    </p>

    <p class='ocr_par' dir='ltr' id='par_1_4' title="bbox 119 3908 1184 4163">
     <span class='ocr_line' id='line_1_32' title="bbox 153 3908 1184 3987; baseline -0.004 -19"><span class='ocrx_word' id='word_1_262' title='bbox 153 3911 194 3984; x_wconf 72' lang='lat'><strong>(2)</strong></span> <span class='ocrx_word' id='word_1_263' title='bbox 219 3912 444 3968; x_wconf 65' lang='lat' dir='ltr'><strong>anachronisme</strong></span> <span class='ocrx_word' id='word_1_264' title='bbox 468 3913 597 3987; x_wconf 84' lang='lat' dir='ltr'><strong>groaaier.</strong></span> <span class='ocrx_word' id='word_1_265' title='bbox 617 3914 656 3971; x_wconf 77' lang='lat' dir='ltr'><strong>Le</strong></span> <span class='ocrx_word' id='word_1_266' title='bbox 676 3912 783 3969; x_wconf 85' lang='lat' dir='ltr'><strong>concile</strong></span> <span class='ocrx_word' id='word_1_267' title='bbox 801 3911 836 3967; x_wconf 87' lang='lat' dir='ltr'><strong>de</strong></span> <span class='ocrx_word' id='word_1_268' title='bbox 855 3911 1015 3977; x_wconf 86' lang='lat' dir='ltr'><strong>Clermont,</strong></span> <span class='ocrx_word' id='word_1_269' title='bbox 1038 3919 1138 3966; x_wconf 81' lang='lat' dir='ltr'><strong>onrcrt</strong></span> <span class='ocrx_word' id='word_1_270' title='bbox 1158 3908 1184 3964; x_wconf 86' lang='lat' dir='ltr'><strong>le</strong></span> 
     </span>
     <span class='ocr_line' id='line_1_33' title="bbox 120 3995 1184 4071; baseline -0.005 -16"><span class='ocrx_word' id='word_1_271' title='bbox 120 4002 154 4055; x_wconf 90' lang='grc'><strong>48</strong></span> <span class='ocrx_word' id='word_1_272' title='bbox 168 3999 319 4056; x_wconf 82' lang='lat' dir='ltr'><strong>novembre</strong></span> <span class='ocrx_word' id='word_1_273' title='bbox 333 4004 418 4071; x_wconf 81' lang='grc'>4998,</span> <span class='ocrx_word' id='word_1_274' title='bbox 430 4012 473 4056; x_wconf 81' lang='lat' dir='ltr'><strong>est</strong></span> <span class='ocrx_word' id='word_1_275' title='bbox 488 4003 632 4058; x_wconf 72' lang='lat' dir='ltr'><strong>anterieur</strong></span> <span class='ocrx_word' id='word_1_276' title='bbox 647 4001 683 4058; x_wconf 87' lang='lat' dir='ltr'><strong>de</strong></span> <span class='ocrx_word' id='word_1_277' title='bbox 699 4001 768 4057; x_wconf 86' lang='lat' dir='ltr'><strong>trois</strong></span> <span class='ocrx_word' id='word_1_278' title='bbox 784 4018 835 4056; x_wconf 80' lang='lat' dir='ltr'><strong>ana</strong></span> <span class='ocrx_word' id='word_1_279' title='bbox 852 4018 905 4055; x_wconf 85' lang='lat' dir='ltr'><strong>anx</strong></span> <span class='ocrx_word' id='word_1_280' title='bbox 921 4002 1099 4056; x_wconf 77' lang='lat' dir='ltr'><strong>evenementa</strong></span> <span class='ocrx_word' id='word_1_281' title='bbox 1114 3995 1184 4053; x_wconf 88' lang='lat' dir='ltr'><strong>dont</strong></span> 
     </span>
     <span class='ocr_line' id='line_1_34' title="bbox 119 4089 1017 4163; baseline 0.01 -21"><span class='ocrx_word' id='word_1_282' title='bbox 119 4097 202 4142; x_wconf 80' lang='lat' dir='ltr'><strong>notre</strong></span> <span class='ocrx_word' id='word_1_283' title='bbox 211 4098 313 4144; x_wconf 85' lang='lat' dir='ltr'><strong>auteur</strong></span> <span class='ocrx_word' id='word_1_284' title='bbox 324 4091 403 4146; x_wconf 84' lang='lat' dir='ltr'><strong>vient</strong></span> <span class='ocrx_word' id='word_1_285' title='bbox 413 4089 450 4145; x_wconf 91' lang='lat' dir='ltr'><strong>de</strong></span> <span class='ocrx_word' id='word_1_286' title='bbox 463 4089 563 4163; x_wconf 87' lang='lat' dir='ltr'><strong>parler.</strong></span> <span class='ocrx_word' id='word_1_287' title='bbox 1014 4107 1017 4113; x_wconf 85' lang='lat'>&#39;</span> 
     </span>
    </p>

    <p class='ocr_par' dir='ltr' id='par_1_5' title="bbox 153 4176 1009 4235">
     <span class='ocr_line' id='line_1_35' title="bbox 153 4176 1009 4235; baseline 0.002 -6"><span class='ocrx_word' id='word_1_288' title='bbox 153 4176 195 4230; x_wconf 83' lang='lat' dir='ltr'><strong>lei</strong></span> <span class='ocrx_word' id='word_1_289' title='bbox 210 4193 280 4231; x_wconf 77' lang='lat' dir='ltr'><strong>nour</strong></span> <span class='ocrx_word' id='word_1_290' title='bbox 294 4189 423 4234; x_wconf 82' lang='lat' dir='ltr'><strong>rentrons</strong></span> <span class='ocrx_word' id='word_1_291' title='bbox 433 4178 502 4233; x_wconf 84' lang='lat' dir='ltr'><strong>dans</strong></span> <span class='ocrx_word' id='word_1_292' title='bbox 514 4179 553 4234; x_wconf 85' lang='lat' dir='ltr'><strong>les</strong></span> <span class='ocrx_word' id='word_1_293' title='bbox 565 4181 741 4235; x_wconf 77' lang='lat' dir='ltr'><strong>eve&#39;nementa</strong></span> <span class='ocrx_word' id='word_1_294' title='bbox 754 4178 788 4234; x_wconf 83' lang='lat' dir='ltr'><strong>de</strong></span> <span class='ocrx_word' id='word_1_295' title='bbox 801 4182 871 4235; x_wconf 79' lang='grc'>4995</span> <span class='ocrx_word' id='word_1_296' title='bbox 886 4189 913 4231; x_wconf 87' lang='grc' dir='ltr'><strong>ιι</strong></span> <span class='ocrx_word' id='word_1_297' title='bbox 930 4180 1009 4233; x_wconf 80' lang='lat' dir='ltr'><strong>toto.</strong></span> 
     </span>
    </p>
   </div>
   <div class='ocr_carea' id='block_1_4' title="bbox 0 0 1459 4934">
    <p class='ocr_par' dir='ltr' id='par_1_6' title="bbox 0 0 1459 4934">
     <span class='ocr_line' id='line_1_36' title="bbox 0 0 1459 4934; baseline 0 0"><span class='ocrx_word' id='word_1_298' title='bbox 0 0 1459 4934; x_wconf 95' lang='lat' dir='ltr'><strong> </strong></span> 
     </span>
    </p>
   </div>
  </div>
 </body>
</html>
