2888 4934
192 434 404 513 [tlon-1109]
559 431 677 492 LIBER
698 433 881 494 DECIMUS.
1190 443 1247 503 ¹39

191 563 342 660 nestorte
358 568 396 634 in
414 589 549 635 coenum
565 583 718 651 corruat,
741 583 774 636 et
793 572 942 665 turpiter
959 573 1165 658 maculatus,
1189 600 1246 644 co-

191 702 269 750 ram
284 677 498 750 intuentibus
517 679 705 751 erubescat.
728 685 799 751 Per
820 682 883 753 hoc
898 689 1090 781 specimen,
1100 688 1167 779 fitz·
1181 691 1244 774 mi,

191 810 296 866 temet
306 798 422 892 {issum
434 798 586 883 intuere,
606 796 702 866 etad
715 802 963 870 correctionem
984 805 1037 872 tui
1049 802 1113 872 hoc
1128 827 1246 872 exem-

183 909 287 1007 plum
298 925 470 981 converte.
486 914 557 980 Per
563 914 1114 1010 poent'tentiametconfessionem
1127 942 1247 987 emun-

188 1023 292 1098 daun
307 1053 367 1111 es‚·
375 1053 445 1124 per
462 1025 672 1098 laboriosam
687 1054 765 1099 vero
772 1035 1094 1129 peregrinationem
1106 1049 1141 1103 et
1153 1058 1247 1123 niar-

190 1143 276 1236 tyrii
288 1166 431 1239 agones,
457 1143 620 1212 virtutum
639 1144 800 1241 insigniis
814 1143 995 1216 redimitus
1012 1172 1048 1215 es
1054 1176 1067 1232 ,·
1082 1150 1119 1216 in
1133 1171 1248 1216 carce-

189 1253 322 1328 munia
342 1259 510 1327 arumnis
522 1282 593 1352 pro
607 1256 759 1328 reatibus
780 1264 853 1330 Deo
872 1259 1074 1355 satisfecisti
1078 1291 1092 1346 ;
1107 1264 1247 1357 patien-

190 1371 274 1441 tiam
282 1387 322 1442 et
327 1373 536 1457 castitatem,
549 1372 709 1471 aliasque
718 1376 858 1446 virtutes
866 1379 903 1446 in
908 1379 1074 1472 passione
1080 1375 1244 1446 didicisti.

193 1491 298 1559 Tetra
321 1504 463 1558 nonest
481 1514 638 1584 praesens
665 1493 753 1578 vita,
768 1516 845 1587 quse
869 1491 1017 1562 tenebris
1040 1494 1248 1590 ignorantiae

184 1604 329 1698 penitus
347 1619 401 1673 est
415 1601 526 1673 obsita
546 1630 556 1673 .·
577 1610 685 1674 nescit
699 1605 802 1675 homo
821 1621 938 1677 utrum.
959 1632 1081 1676 amore
1102 1631 1151 1675 an
1169 1604 1248 1675 odio

189 1711 314 1814 dignm
330 1718 395 1804 sit,
414 1741 478 1787 nec
495 1715 582 1813 quid
593 1719 629 1787 ei
638 1721 764 1813 pariat
774 1722 933 1789 crastina
948 1718 1038 1804 dies,
1055 1717 1247 1815 praeor'tiere

184 1834 328 1926 poterit.
344 1833 524 1902 Coenosum
542 1835 610 1902 iter
624 1849 677 1902 est
689 1835 757 1903 rita
772 1834 963 1922 secularis,
978 1860 1085 1932 quarn
1102 1836 1181 1906 totis
1197 1838 1249 1905 ni-

189 1943 281 2018 suia
295 1949 428 2018 evitare
450 1945 565 2034 debes,
588 1974 633 2018 ne
644 1948 841 2044 polluaris,
860 1967 894 2020 et
915 1954 1059 2020 omittas
1081 1975 1248 2021 coronam

185 2062 392 2156 passionum
414 2060 536 2158 quibus
556 2062 738 2160 gloriaris·
770 2067 860 2135 Cave
877 2067 995 2162 igitur,
1023 2090 1068 2134 ne
1087 2067 1138 2134 sis
1159 2067 1250 2134 sicut

188 2177 286 2245 mnis
303 2200 461 2247 reversus
476 2175 527 2247 cui
537 2181 702 2248 vomitum
717 2203 833 2264 suum,
851 2195 888 2249 et
897 2205 957 2250 sus
977 2178 1048 2250 lota
1065 2182 1103 2249 in
1117 2179 1247 2249 voluta-

188 2287 247 2361 bro
264 2290 343 2361 luti.
359 2297 552 2389 Nunquam
567 2293 714 2365 ulterius
730 2293 948 2389 armaferas
961 2297 999 2364 in
1015 2294 1245 2381 Christianos,

187 2403 259 2492 sed,
285 2421 326 2476 ut
345 2432 444 2477 verus
458 2407 591 2479 ctrz'su
597 2434 752 2505 pauper,
764 2408 889 2503 fastus
911 2425 1091 2480 contemne
1104 2407 1250 2479 munda·

190 2545 266 2592 nos.
283 2525 347 2594 Sic
356 2526 514 2594 imitator
530 2528 748 2622 vestigiorum
764 2526 904 2610 Christi,
911 2552 982 2622 per
990 2551 1097 2622 opera
1100 2524 1249 2622 justitie

184 2640 373 2735 propriam
403 2639 614 2710 voluntatem
637 2666 809 2736 spernens
832 2665 902 2736 pro
929 2666 991 2736 spe
1011 2637 1248 2711 retributionis

188 2767 340 2842 oeternoe,
348 2750 510 2848 feliciter
526 2752 691 2825 obtinebis
711 2753 869 2825 brau'um
883 2780 1045 2850 superna
1063 2754 1249 2824 uocatiom's

189 2891 265 2939 cum
279 2871 314 2938 F
312 2865 458 2938 c'cieli'bus
469 2870 506 2938 in
519 2871 600 2939 sinu
614 2869 777 2941 Abrahae.
798 2869 975 2966 Harpinus
991 2870 1109 2963 itaque
1122 2891 1142 2937 a
1156 2871 1249 2963 Papa

188 2981 476 3055 benedictionem
490 2985 638 3082 accepit,
654 3001 781 3055 etcum
798 2985 872 3078 ejus
891 2983 1032 3053 licentia
1044 2980 1174 3052 Gallias
1191 3006 1249 3051 ex-

188 3100 301 3197 petiit,
313 3098 436 3195 ibique
451 3125 472 3170 a
485 3102 557 3170 suis
571 3100 769 3170 honorifice
781 3113 980 3196 susceptus,
996 3123 1071 3168 non
1087 3098 1149 3168 diu
1165 3123 1249 3168 cum

188 3211 253 3286 ittis
278 3215 487 3312 permansit.
521 3219 623 3305 Nam,
647 3215 746 3310 juxta
774 3213 961 3285 consilium
988 3217 1108 3311 Papa,
1137 3214 1248 3283 immo

187 3327 328 3422 ehn‘sti,
341 3330 508 3402 saeculum
520 3330 675 3428 reliquit,
687 3347 734 3416 et,
748 3329 956 3401 Cluniacum
970 3343 1152 3427 expetens,
1170 3353 1247 3399 mo·

189 3447 323 3520 nachus
346 3448 477 3539 factus,
498 3451 535 3520 in
556 3449 697 3520 servitio
721 3448 788 3518 Dei
803 3471 916 3544 usque
932 3445 979 3517 ad
995 3460 1148 3517 mortem
1168 3468 1249 3541 per·

188 3553 360 3635 meravis
376 3564 407 3661 (i
417 3564 444 3659 ).

234 3680 359 3749 XXIII.
380 3682 421 3750 In
436 3681 548 3776 Syria,
565 3680 659 3750 eirca
675 3678 751 3750 haec
765 3693 941 3776 tempora,
957 3675 1164 3747 Christianis
1181 3674 1248 3745 alia

222 3887 263 3973 (t)
279 3902 357 3957 Nous
368 3904 480 3958 n’avons
493 3921 603 3959 aucune
616 3903 789 3959 observation
801 3907 817 3958 ὲ
829 3904 897 3958 faire
910 3921 959 3957 sur
972 3921 1004 3958 ce
1017 3903 1088 3956 sicit
1099 3901 1135 3955 de
1144 3901 1171 3954 la
1182 3898 1250 3954 dcli-

188 4007 288 4046 mnce
302 3991 338 4046 de
348 3993 458 4065 Hamin
471 4003 500 4048 et
513 3994 587 4048 desa
600 3993 714 4048 retroite
726 3996 741 4047 i
751 3992 845 4058 Cluui,
860 3993 959 4067 quiesi
969 3992 1165 4064 parisitement
1177 3987 1250 4041 d’ac-

189 4079 256 4136 cord
265 4099 332 4137 avec
343 4083 694 4157 lesdonnieshistoriques
704 4084 823 4137 existant
836 4101 941 4138 sui-son
950 4093 1070 4154 compte.
1084 4081 1160 4135 Nous
1168 4092 1251 4131 avone

190 4170 302 4243 rappcii
311 4171 445 4227 ci-dcssus
453 4173 521 4246 qu’il
532 4175 599 4229 e'tait
609 4173 744 4246 religieux
753 4173 844 4245 prosis
853 4172 921 4226 dans
930 4181 1003 4226 cette
1012 4169 1116 4240 abbaye
1125 4186 1160 4222 en
1169 4170 1250 4225 4409.
