2888 4934
189 393 398 470 [1097-1098}
559 385 676 449 traua
698 385 885 446 necinus.
1210 392 1250 450 39

189 546 306 621 gnus,
334 535 468 594 statura
483 517 621 618 gracilis
637 533 673 592 et
692 544 878 619 procerus,
905 521 1004 617 niger
1021 534 1057 592 et
1072 520 1249 612 hirsutus,

190 653 226 711 et
241 639 353 710 instar
369 635 566 736 presbyteri
575 634 669 708 bene
683 651 807 708 tonsus
819 637 851 732 (l
861 637 887 733 ).
901 635 1050 734 Eloquio
1060 637 1166 709 etiam
1178 651 1253 709 erat

187 754 308 828 suavis
329 768 365 827 et
379 750 571 844 secundm,
591 751 681 824 lenis
702 751 832 850 quietis
859 766 894 823 et
915 776 1018 851 asper
1043 751 1249 840 rebellibus,

186 869 331 969 justitiae
344 867 461 942 cultor
472 868 619 966 rigidus,
636 884 672 942 et
684 869 721 939 in
733 868 862 940 timore
873 867 938 939 Dei
951 867 997 938 ad
1010 893 1101 966 opus
1114 867 1252 942 bonum

189 982 358 1056 fervidus.
381 985 533 1073 Quantae
553 984 693 1082 pietatis
718 997 810 1054 esset
831 981 868 1053 in
892 981 1112 1055 orationibus
1130 1008 1171 1055 ac
1192 983 1254 1057 de·

189 1101 364 1190 rodonis,
390 1098 596 1172 indicabant
618 1102 694 1198 ejus
713 1123 832 1197 genae,
852 1097 979 1171 crebro
1002 1099 1187 1173 madentes
1207 1100 1255 1174 la·

187 1216 334 1312 crymis.
364 1215 638 1289 Defensionibus
666 1215 921 1306 ecclesiarum,
951 1213 1256 1313 eleemosynisque

187 1354 392 1429 pauperum
416 1344 453 1402 et
474 1330 617 1428 jejuniis
644 1331 844 1404 admodum
865 1331 1025 1422 vaeavit,
1050 1345 1085 1404 et
1109 1330 1256 1428 singulis

188 1442 478 1518 bebdomadibus
512 1446 599 1519 feria
634 1453 704 1538 vr',
741 1449 779 1519 in
815 1447 1046 1519 veneratione
1081 1447 1255 1520 Passionis

188 1558 341 1651 Christi,
358 1559 405 1633 ab
421 1561 522 1634 omni
538 1561 621 1635 cibo
635 1576 671 1635 et
687 1577 778 1662 potu
796 1585 840 1635 ex
852 1563 993 1659 integro
1007 1561 1190 1634 abstinuit.

237 1678 412 1750 Praeterea
429 1675 639 1750 Guillelmus
656 1702 718 1751 rex
728 1675 849 1750 multis
865 1679 901 1749 in
913 1677 1034 1750 Gallos
1046 1692 1082 1750 et
1094 1678 1254 1751 britones

187 1805 298 1890 atque
313 1790 548 1866 Flandrenses
562 1794 659 1866 curis
674 1808 869 1892 occupatus
885 1808 956 1882 est,
974 1794 1160 1891 minasque
1173 1817 1255 1864 suas

187 1907 372 2006 complere
381 1907 622 2007 differensper
631 1908 818 1982 biennium
830 1910 1162 2006 (2),Cenomannos
1170 1907 1258 1981 obli·

188 2037 248 2095 tus
257 2037 324 2095 est.
332 2021 758 2097 Heliasintereacastrum
767 2026 864 2125 apud
874 2023 1098 2123 Dangeolum
1106 2025 1255 2121 (3)con·

189 2152 246 2210 tra
266 2137 487 2212 ttodbermm
505 2137 730 2212 Talavacium
750 2139 921 2232 firmavit,
947 2141 1068 2239 ibique
1086 2139 1256 2214 satellites

187 2276 287 2343 suos,
297 2253 345 2326 ad
354 2251 596 2328 defensandos
604 2255 740 2329 incolas
749 2271 850 2329 terrae
859 2281 944 2347 suae,
956 2255 1256 2329 collocavit.lnde

187 2366 354 2464 praefatus
381 2384 576 2467 tyrannus,
602 2370 704 2470 quod
735 2371 850 2444 vicina
879 2373 1013 2471 passim
1043 2370 1255 2470 depopulari
1321 2457 1323 2461 Α
1415 2421 1419 2430 -

187 2503 275 2554 arva
286 2506 361 2556 non
371 2501 507 2584 posset,
523 2488 754 2560 contristatus
767 2501 830 2560 est.
848 2489 1120 2586 intempestivus
1134 2489 1252 2585 igitur,

188 2621 315 2671 mense
324 2599 507 2696 januario,
526 2627 646 2699 regem
664 2602 888 2700 inquietavit,
906 2600 1042 2674 acerbis
1063 2599 1256 2673 verborum

188 2711 491 2787 stimulationibus
513 2716 697 2808 accendit,
720 2731 755 2789 et
778 2717 815 2788 in
839 2716 942 2788 initio
960 2714 1151 2803 februarii,
1174 2738 1257 2785 cum

189 2829 432 2902 Normannico
449 2831 619 2920 exercitu,
636 2831 682 2904 ad
697 2831 906 2932 praedictum
918 2844 1074 2903 castrum
1087 2827 1251 2900 adduxit.

189 2943 287 3014 Dixit
309 2944 406 3015 enim
426 2947 498 3042 regi
523 2974 531 3016 ι
559 2947 724 3020 Custodes
746 2947 883 3019 torota
905 2941 1045 3042 oppidi,
1071 2945 1258 3015 securitate

189 3072 380 3155 torpentes,
394 3064 534 3158 passim
549 3060 701 3160 dripersi
714 3079 809 3135 sunt.
831 3059 1012 3132 Humates
1029 3063 1159 3160 quippe
1171 3058 1219 3158 pl
1240 3099 1255 3113 ·

190 3174 266 3244 aas
278 3162 320 3243 'et
332 3189 552 3273 tempestates·
567 3177 805 3266 consederant,
821 3190 859 3247 et
875 3202 931 3247 vos
947 3175 1041 3263 aliis,
1058 3201 1139 3247 cum
1154 3199 1256 3246 exer·

224 3429 265 3500 (l)
280 3428 346 3486 Ceci
358 3429 481 3503 reppelle
492 3430 518 3486 la
531 3448 633 3504 guerre
643 3431 781 3486 aeharnde
791 3447 848 3506 qne
858 3430 886 3485 le
898 3429 992 3504 cierge
1006 3430 1097 3487 saisait
1109 3434 1125 3485 a
1136 3431 1161 3484 la
1174 3430 1257 3488 mode

188 3511 336 3567 effeminee
347 3511 396 3568 dee
407 3513 489 3588 longo
500 3513 633 3570 cherum.

224 3602 264 3674 (2)
278 3599 367 3657 Notre
377 3613 478 3660 auteur
489 3605 532 3658 n'a
544 3623 595 3678 pas
606 3603 752 3661 considere
762 3604 942 3679 l'apparition
956 3607 1152 3661 momentanee
1162 3604 1202 3659 du
1213 3606 1256 3660 roi

187 3688 292 3744 dmant
303 3689 431 3764 Dangeul
442 3710 550 3748 comme
562 3711 602 3747 un
615 3693 875 3769 accomplissement
886 3692 1011 3749 suffisant
1022 3693 1058 3748 de
1074 3711 1116 3750 ses
1129 3711 1262 3749 menaees

188 3776 225 3832 de
237 3777 347 3834 l'anuce
360 3779 537 3852 precedente.

221 3868 265 3940 (8)
280 3866 425 3942 Dangeul,
436 3871 455 3923 a
467 3868 541 3924 deux
555 3868 643 3926 lieues
655 3869 691 3925 de
704 3871 832 3928 Mamers.
845 3871 1083 3928 L’etabliasement
1094 3870 1130 3926 de
1143 3889 1175 3925 ce
1188 3870 1257 3926 ebd-

187 3967 255 4011 tean
267 3956 337 4011 etait
353 3966 465 4011 surtont
479 3956 588 4014 destini
604 3962 620 4013 a
635 3957 782 4016 surreiller
794 3970 824 4015 et
835 3979 983 4034 repousser
996 3959 1037 4015 les
1055 3959 1195 4015 invasione
1208 3959 1263 4015 des

187 4041 306 4118 pillards
323 4043 459 4119 ausquels
475 4045 583 4102 Robert
599 4047 635 4102 de
656 4046 777 4104 bellem
796 4049 867 4104 avait
884 4051 948 4105 cred
966 4048 1007 4105 les
1025 4048 1098 4106 deux
1115 4066 1206 4104 nourr

188 4133 315 4206 repaim
328 4132 365 4189 de
374 4132 466 4190 Saone
476 4145 504 4189 et
517 4133 853 4191 Salat-Remi-dnd'lain.
