2888 4934
199 443 239 501 ro
472 439 658 503 ursrorur
678 441 986 504 scelestissimi.
1049 445 1258 524 [roseum]

198 570 349 668 tinopoli
363 573 519 670 peperit,
538 575 600 670 qui
618 589 699 672 post
719 579 953 647 Bertrannum
969 573 1114 648 tratrem
1134 600 1254 665 suum,

197 686 364 758 comitem
385 686 537 773 Tolosae,
557 692 665 786 patris
678 691 737 786 jus
757 690 937 789 possedit,
958 703 993 762 et
1015 715 1126 788 usque
1147 690 1257 763 hodie

197 800 381 874 Gothosin
393 803 578 875 Provincia
587 804 804 903 perdomuit.
817 811 990 877 lanceam
998 829 1084 877 vero
1095 806 1254 896 Domini,

196 940 307 1014 quam
321 920 445 990 Petrus
464 918 641 991 Abraham
657 921 851 993 Antiochiae
869 923 1016 1013 invenit,
1036 922 1257 996 Raimundus

196 1055 318 1104 comes
341 1033 439 1132 apud
464 1034 647 1108 Bizantum
674 1036 736 1108 diu
764 1039 799 1109 in
828 1037 965 1135 capella
992 1061 1056 1108 sua
1088 1039 1253 1108 servavit.

194 1147 290 1219 Alios
298 1149 405 1220 etiam
417 1149 558 1240 milites,
574 1153 635 1248 qui
649 1153 742 1225 inter
752 1156 895 1225 Graeeos
906 1152 1036 1249 degere
1049 1152 1254 1240 voluerunt,

195 1266 391 1360 Imperator
420 1264 539 1337 multis
567 1266 759 1340 honoravit
790 1268 1028 1355 muneribus,
1056 1282 1093 1340 et
1104 1264 1256 1363 ‘magnis

193 1375 319 1450 ditavit
334 1379 530 1477 stipendiis.

242 1492 425 1566 Rodberto
444 1510 564 1569 autem
585 1502 791 1570 Normanno
810 1513 845 1571 et
863 1498 1046 1571 Rodberto
1069 1495 1256 1568 Flandritae

193 1623 229 1681 et
248 1611 552 1686 commilitonibus
570 1640 716 1703 eorum,
737 1617 800 1712 qui
821 1616 994 1714 repedare
1015 1612 1254 1704 festinabant,

191 1724 344 1824 plurima
359 1728 457 1802 dona
469 1731 634 1821 contulit,
652 1747 688 1803 et
700 1730 853 1804 liberum
870 1734 920 1804 eis
933 1756 999 1831 per
1010 1745 1141 1802 terram
1152 1750 1256 1800 suam

193 1845 382 1916 transitum
394 1860 430 1917 et
443 1861 640 1919 mereatum
656 1847 790 1920 babere
803 1848 899 1920 iecit.
917 1847 1000 1919 lllos
1014 1845 1176 1944 prolecto
1192 1844 1256 1942 qui

192 1960 355 2056 regiones
372 1964 464 2033 ans
480 1962 535 2059 (l)
551 1962 815 2061 relinquebant,
834 1980 896 2036 aut
912 1988 1034 2036 seeum
1052 1961 1253 2047 retinebat,

192 2090 253 2146 aut
266 2076 303 2146 in
317 2078 490 2150 Ausonias
502 2094 621 2177 partes
632 2103 862 2177 summopere
878 2077 1152 2165 transmittebat,
1172 2077 1255 2175 quia

193 2191 276 2260 totis
292 2191 428 2263 nisibus
446 2192 578 2265 adhoc
593 2193 812 2282 elaborabat,
832 2208 872 2265 ut
890 2196 927 2266 in
941 2194 1042 2291 Syria
1059 2192 1256 2266 contrarias

192 2305 259 2377 sibi
281 2308 374 2378 vires
397 2306 614 2399 debilitaret,
639 2324 674 2381 et
693 2333 821 2381 omnes
845 2309 907 2406 qui
929 2308 976 2380 ad
997 2307 1166 2381 auxilium
1187 2305 1256 2377 sibi

193 2423 431 2494 resistentium
448 2439 702 2522 properarent,
719 2423 920 2522 impediret.

240 2539 393 2637 impiger
410 2540 654 2630 Buamundus,
673 2554 713 2613 ut
729 2563 772 2612 ea
787 2563 867 2638 quae
883 2554 979 2635 gesta
993 2536 1176 2612 retulimus
1192 2559 1255 2609 au·

191 2653 279 2727 divit
294 2683 302 2726 :
317 2671 485 2728 stratores
499 2656 631 2729 scilicet
643 2656 803 2753 Augusti,
816 2671 851 2727 et
863 2680 989 2726 omnes
1002 2658 1158 2727 Francos
1170 2675 1255 2724 cum

190 2772 262 2843 suis
286 2771 398 2870 copiis
418 2788 570 2870 pontum
588 2773 716 2843 carinis
733 2771 788 2866 (2)
810 2770 963 2842 sulcasse
986 2769 1041 2866 (3)
1059 2769 1251 2866 comperit,

190 2889 419 2961 Normannos
432 2903 467 2960 et
476 2889 677 2975 Armenios,
690 2884 970 2984 allobrogesque
980 2901 1015 2958 et
1027 2885 1072 2957 de
1081 2884 1157 2956 aliis
1169 2908 1254 2981 geu·

190 3127 269 3172 ment
281 3116 418 3191 de're'glee,
432 3117 532 3193 qu’clle
541 3119 644 3189 epousa
654 3115 885 3170 successivement
895 3115 966 3168 trois
978 3115 1061 3168 maris
1075 3113 1181 3168 vivants
1194 3137 1200 3166 ι
1215 3113 1254 3169 leo

189 3216 294 3261 comtes
313 3205 434 3271 d'Arles‚
456 3206 492 3260 de
513 3205 653 3260 Toulouse
671 3213 700 3259 et
717 3203 753 3258 de
768 3201 954 3267 barcelonne3
972 3199 1114 3256 llalmond
1129 3211 1178 3255 eut
1198 3199 1254 3255 lui·

190 3294 281 3348 meme
299 3312 354 3348 une
368 3295 497 3366 jeuoesse
516 3292 718 3364 tres-dissipes.
732 3291 771 3348 Ce
788 3291 883 3346 iurent
896 3290 935 3346 les
950 3289 1114 3346 conseilsde
1130 3307 1179 3345 son
1197 3291 1253 3346 arni

189 3380 311 3455 l'eveque
324 3381 360 3437 de
372 3382 492 3449 Cahors,
506 3382 555 3456 qui
571 3381 611 3436 lui
629 3381 799 3453 inspirlreut
811 3379 837 3434 le
850 3379 927 3435 ddsir
939 3379 974 3434 de
991 3398 1020 3434 se
1031 3394 1178 3433 consecrer
1191 3385 1254 3433 tout

188 3471 304 3524 entierl
317 3468 343 3524 la
355 3469 512 3525 deliri-auce
524 3469 560 3524 de
575 3469 600 3524 la
612 3467 823 3526 Terre-Salute.
837 3469 875 3523 Ile
887 3486 916 3523 se
928 3468 1075 3523 rendaient
1085 3465 1254 3521 ensemblei

188 3557 348 3625 Clermont,
362 3561 400 3613 oti
415 3557 449 3613 ils
465 3559 574 3614 avaient
588 3562 695 3632 engsge
709 3557 817 3613 Urbain
834 3557 864 3612 11
881 3561 896 3612 l
913 3558 990 3613 venir
1007 3556 1125 3629 precher
1139 3554 1165 3608 la
1178 3554 1253 3608 croi·

188 3648 263 3716 sade,
276 3648 388 3724 lorsque
397 3649 523 3716 leveque
536 3659 649 3705 mourut
661 3667 696 3704 en
705 3659 797 3704 route.
811 3646 951 3703 Raimoud
964 3647 1027 3702 u’en
1038 3645 1196 3720 pomsuivit
1206 3661 1254 3717 pas

188 3737 280 3792 moins
292 3755 340 3791 son
355 3755 473 3811 voyage,
487 3748 515 3792 et
525 3737 569 3793 iot
580 3738 605 3792 le
619 3737 741 3811 premier
752 3736 801 3792 des
812 3735 943 3811 laiqnesa
957 3734 1078 3814 prendre
1092 3735 1115 3788 la
1130 3733 1225 3788 Croix.

223 3824 362 3880 Raimond
380 3828 448 3881 e‘tait
464 3826 586 3899 borgee,
600 3836 629 3881 et
644 3826 724 3880 tirait
735 3826 827 3881 vanite
841 3824 877 3880 dc
888 3835 932 3880 cet
946 3822 1087 3891 accident,
1104 3839 1253 3895 parceque

187 3911 281 3967 c’e'tait
292 3912 361 3967 dans
374 3932 411 3967 un
426 3912 490 3967 duel
504 3912 572 3986 qu'il
586 3913 624 3967 lui
642 3914 709 3968 etait
722 3931 851 3967 surrenu.

222 3999 261 4071 (l)
281 3999 329 4054 Gl.
344 4002 395 4054 int.
411 4025 415 4053 ι
431 4006 591 4056 orientales.

224 4089 262 4155 (ἲ)
282 4085 329 4141 Gl.
346 4088 397 4141 int.
413 4113 417 4139 z
435 4089 564 4142 novibus,

224 4173 263 4244 (3)
281 4173 329 4230 Gl.
345 4176 396 4231 int.
411 4201 416 4228 :
432 4196 507 4231 mare
520 4176 655 4231 dividere.
