2888 4934
208 391 270 453 aaa
415 430 422 439 „
481 380 665 453 nrs'romi
686 386 992 453 nccnnsusncs.
1157 395 1260 475 [urs]

206 521 409 595 carceribus
425 520 710 622 redemptionem
726 523 929 596 immaniter
946 521 1147 623 exigebant.
1168 512 1260 599 Con·

207 639 397 711 sentientes
410 637 545 712 ibidem
553 637 726 737 plurimos
734 638 1097 738 habebant,quorum
1106 639 1260 741 hospitio

206 753 327 844 refoti,
345 767 381 826 et
399 751 544 844 diutius,
567 753 597 825 si
617 776 760 827 necesse
783 755 861 843 fuit,
887 755 1070 847 occultati,
1095 754 1144 828 ad
1166 754 1260 832 nefas

204 866 322 941 subito
338 868 573 969 proruebant,
593 883 629 941 et
647 867 787 942 damnis
802 869 1005 970 ingentibus
1023 869 1186 971 undique
1201 862 1260 947 do·

203 983 308 1058 lonos
319 985 561 1084 proterebant.
577 985 634 1057 Sic
648 985 818 1059 Braiherii
830 987 886 1084 (l)
900 986 1169 1085 llodomensem
1181 972 1260 1088 pr'o-

202 1101 355 1173 vinciam
368 1098 556 1191 laedebant,
570 1114 606 1173 et
626 1101 826 1174 minitando
843 1103 980 1200 pejora,
999 1101 1106 1174 nimis
1121 1102 1260 1202 inquie-

201 1213 338 1305 tabant,
357 1213 681 1313 multiplicibusque
698 1215 837 1288 auxiliis
856 1216 969 1313 adjuti
987 1221 1212 1292 Francorum
1225 1232 1260 1293 et

201 1332 506 1419 Normannorum,
525 1327 649 1404 affines
664 1355 749 1403 suos
765 1329 952 1405 vexabant.
1188 1421 1191 1425 ¹
1237 1414 1244 1425 ¹

247 1443 352 1516 Solus
371 1442 581 1516 Guillelmus
605 1444 651 1517 de
674 1444 840 1518 Rolmara
866 1446 935 1543 (2),
967 1447 1057 1519 Novi
1085 1449 1259 1521 Mereatm

199 1560 403 1658 municeps,
434 1574 469 1632 et
500 1558 823 1659 commanipulares
852 1563 927 1658 ejus
956 1560 1024 1633 illis
1052 1559 1255 1637 obstabun

199 1673 411 1775 Plerumque
424 1672 574 1775 praedas,
587 1698 676 1774 quas
688 1674 738 1746 illi
751 1674 796 1747 de
808 1674 1005 1775 longinquo
1021 1675 1255 1780 adduxerant,

197 1792 253 1863 isti
267 1792 313 1865 de
329 1793 440 1892 pratis
456 1817 535 1890 quae
552 1816 653 1864 secus
664 1794 790 1891 Eptam
807 1792 938 1882 virent,
953 1790 1000 1865 ad
1014 1806 1165 1890 penates
1175 1784 1256 1865 suos

195 1906 452 2006 perducebant.

241 2030 340 2098 Tunc
360 2025 485 2098 decem
508 2039 544 2098 et
565 2038 648 2098 octo
673 2023 855 2098 castellani
877 2048 1043 2124 proceres
1066 2022 1253 2115 Neustrie,

195 2163 351 2237 quorum
376 2140 469 2212 fama
489 2154 524 2212 et
541 2154 698 2239 potestas
721 2141 856 2213 caeteris
878 2138 1112 2238 praeminebat
1134 2138 1255 2239 praed·

191 2278 277 2352 pue,
289 2253 446 2353 perfidiae
459 2254 539 2352 gelu
555 2255 760 2354 torpebant,
778 2253 889 2328 exulis
903 2252 1084 2326 Guillelmi
1096 2252 1255 2353 partibus

193 2367 370 2458 favebant,
386 2385 420 2440 et
431 2394 538 2468 super
549 2371 653 2466 regiae
664 2371 773 2469 partis
782 2368 1025 2442 debilitatione
1035 2367 1252 2467 gaudebant.

240 2488 299 2556 IV.
327 2488 376 2558 Ea
401 2499 608 2584 tempestate
635 2485 763 2577 Falco,
788 2484 1050 2583 Andegavensis
1072 2506 1255 2581 comem

193 2601 376 2676 Rodberto
385 2603 518 2676 Geroio
525 2601 592 2700 (3),
602 2603 663 2700 qui
673 2602 957 2675 castrumSancti
964 2601 1122 2674 Serenici
1130 2614 1254 2675 contra

225 2894 265 2966 (l)
284 2893 334 2948 Lea
346 2892 488 2947 habitante
499 2889 538 2945 du
552 2908 619 2963 pays
631 2890 667 2945 de
682 2889 754 2944 Brai.

223 2980 410 3036 Rodomensis
424 2982 567 3052 provincio
578 2977 688 3051 signifie
697 2978 734 3032 ici
746 2995 802 3032 non
816 2993 864 3050 pas
875 2978 901 3032 le
915 2976 1050 3031 Roumois
1061 2977 1170 3045 actuel,
1184 2975 1252 3033 nt·

189 3078 267 3124 toute
276 3067 302 3123 la
312 3070 424 3142 portion
435 3066 471 3123 de
482 3066 509 3122 la
519 3065 691 3122 Normandie
702 3067 790 3121 sitnee
803 3083 851 3120 sur
863 3064 888 3120 la
901 3067 959 3120 rire
969 3065 1061 3120 droite
1072 3065 1108 3121 de
1119 3066 1147 3121 la
1158 3065 1249 3132 Seite,

188 3156 336 3229 puisqu'on
344 3158 420 3213 vient
430 3155 533 3211 devoir
542 3173 597 3229 que
608 3154 635 3210 le
643 3171 710 3227 pays
721 3152 757 3209 de
770 3153 846 3209 caux
857 3163 886 3208 et
896 3152 923 3208 le
935 3153 1024 3208 Talon
1037 3152 1252 3228 n'ecbappaint

188 3242 268 3316 point
279 3246 295 3298 4
306 3242 381 3299 leurs
392 3244 588 3300 devastatione.
604 3245 681 3299 Nous
695 3259 814 3317 pensons
827 3242 982 3316 cependant
993 3241 1108 3316 qo'elles
1122 3243 1251 3300 duaint

187 3338 284 3403 poster
294 3331 552 3404 particulierement
562 3349 610 3386 sur
621 3328 648 3386 le
659 3328 760 3401 Talon,
770 3328 796 3385 le
807 3328 944 3385 Roumois
957 3329 993 3384 de
1005 3328 1032 3384 la
1043 3329 1103 3384 rive
1116 3328 1211 3387 drnite
1221 3339 1251 3386 et

188 3416 215 3474 le
228 3417 330 3475 Venio.

224 3508 263 3579 (Ξ)
279 3505 441 3563 Guillaume
455 3508 491 3564 de
508 3508 663 3577 Ronmare,
679 3505 749 3562 dont
765 3506 790 3562 le
805 3507 882 3579 pere,
900 3505 1021 3575 Gerold‚
1039 3507 1112 3562 avait
1127 3506 1249 3565 donne&

187 3594 311 3669 l’abbaye
328 3594 363 3652 de
383 3596 587 3653 saint-Amana
604 3595 639 3652 de
654 3595 755 3652 Ronen
771 3594 874 3669 l'eglise
890 3605 919 3650 et
937 3594 976 3650 lea
994 3593 1067 3650 deux
1084 3594 1250 3654 tien-dele

188 3682 263 3738 dime
274 3682 310 3739 de
323 3683 475 3741 Ronmare.
487 3684 649 3742 Guillaume
660 3684 738 3752 etait,
749 3700 859 3739 comme
869 3683 897 3739 le
908 3681 951 3738 dit
964 3693 1045 3739 notoe
1056 3693 1169 3753 auteur,
1182 3683 1250 3741 ett-

187 3771 274 3829 telain
288 3773 327 3828 du
341 3773 545 3829 Nous-Marem
558 3792 593 3829 en
607 3774 700 3829 Lions.
714 3771 792 3828 Nous
808 3789 992 3845 pensumque
1010 3771 1076 3826 c’eat
1087 3770 1130 3827 lui
1144 3773 1195 3848 qni
1206 3772 1250 3833 ht

187 3864 251 3918 eree
267 3873 359 3918 comte
376 3861 412 3917 de
429 3860 545 3917 Lincoln
561 3881 612 3934 par
624 3861 650 3917 le
667 3862 708 3917 roi
726 3861 854 3916 Etienne.
874 3859 917 3914 En
935 3859 1019 3923 4484,
1037 3876 1086 3915 son
1101 3859 1247 3933 pena-fib,

186 3961 300 4022 portant
311 3950 351 4007 les
364 3951 468 4007 memes
480 3967 559 4005 noms
571 3969 626 4025 que
639 3949 694 4016 lui,
710 3949 827 4005 recessit
839 3950 917 4021 vingt
928 3947 982 4003 sols
993 3947 1030 4003 de
1042 3965 1127 4021 gages
1139 3946 1247 4022 pourla

189 4039 274 4111 garde
285 4040 323 4097 du
335 4040 426 4096 meme
438 4039 565 4094 chitean.

221 4132 260 4199 (3)
280 4131 389 4203 Voyez,
403 4148 452 4186 sur
463 4127 570 4184 liobert
582 4127 691 4194 Giroie,
705 4127 851 4194 cidenas,
866 4137 887 4181 t.
903 4126 960 4191 ΙΙΙ,
972 4145 1000 4199 p.
1016 4126 1148 4182 statut.
