2888 4934
286 429 345 493 468
560 423 745 488 nlsrottlt
766 424 1071 487 Eccntnttstlct.
1239 432 1346 510 [1125]

259 598 262 603 ·
281 552 602 645 ,Escettersrnstmt
625 558 756 655 inquit,
775 556 940 644 barones,
960 560 1025 656 qui
1037 555 1210 629 adsistitis
1226 562 1267 630 in
1281 562 1346 633 ltac

276 679 446 778 planicie,
457 701 525 762 me,
537 700 664 774 quaeso,
675 674 959 762 solerteraudite,
971 691 1018 762 et,
1025 673 1223 774 prudenter
1232 678 1345 748 inten-

282 793 415 882 dentes,
427 787 839 888 ltisquoedicamobedite.
851 793 926 860 Pro
933 787 1344 862 convnoditateomnium

281 923 436 986 oestrum
458 920 494 976 ct
512 903 754 1003 plurimorum
781 905 846 1003 qui
872 929 944 976 non
971 903 1118 992 nebunt,
1147 904 1288 993 laboro,
1311 924 1345 979 et

278 1038 394 1108 nocte,
407 1019 671 1119 deequeaneius
680 1021 805 1118 cogito.
818 1020 941 1092 Multis
949 1018 1344 1093 sernwnrluslu‘cmodo

277 1163 357 1211 -non
370 1161 458 1234 opus
472 1151 536 1207 cst.
551 1139 647 1206 Bene
662 1137 772 1207 nostes
783 1132 1007 1233 :Imperator
1019 1151 1139 1208 noster
1149 1138 1230 1208 sine
1240 1137 1343 1234 prole

282 1250 467 1349 defunctis
484 1265 558 1336 est,
570 1251 638 1321 cui
656 1255 731 1322 Deo
742 1249 867 1343 fidelis
882 1267 918 1322 et
931 1248 1087 1337 deuouit,
1111 1251 1343 1352 Eoolesioeque

273 1370 369 1464 filiis
397 1366 584 1440 utillimus.
598 1390 775 1438 successor
805 1369 985 1465 sapienter
1016 1365 1250 1465 inquirendae
1277 1386 1339 1440 est.

283 1481 530 1581 Quadraginta
541 1482 649 1581 igitur
658 1507 704 1552 ex
720 1479 809 1552 vobis
818 1483 995 1578 sapientes
1005 1498 1041 1553 et
1053 1480 1204 1579 legitimi
1212 1482 1343 1554 milites

280 1598 469 1698 eligantur,
490 1613 532 1668 et
550 1621 710 1668 seorsum
733 1612 832 1682 eant,
860 1598 995 1695 ipsique
1017 1593 1212 1668 seeundum
1224 1596 1340 1689 fidem

248 1774 255 1785 .
279 1739 384 1787 suam
404 1729 440 1785 et
458 1713 707 1785 conscientiam
727 1713 899 1809 optimum
917 1715 1173 1808 imperatorem
1188 1711 1337 1810 eligant,

278 1831 345 1928 ‚qui
360 1829 499 1901 ..merito
532 1828 698 1899 uirtutum
730 1830 885 1923 Imperio
908 1824 1141 1924 preferatur,
1177 1831 1343 1925 omnique

275 1934 410 2041 populo
431 1941 499 2014 sibi
516 1940 906 2040 subjectosummopere
923 1940 1191 2039 patrocinetur!
1214 1943 1274 2014 Sic
1286 1942 1341 2016 ab

281 2058 449 2132 onniibus
473 2082 684 2133 eoncessum
708 2073 761 2129 est
780 2057 853 2155 (l).
885 2056 943 2129 lbi
964 2081 1094 2155 nempe
1122 2057 1204 2156 plus
1234 2082 1341 2155 quam

279 2198 325 2243 ux
341 2171 451 2245 millia
467 2187 709 2270 pugnatorum
721 2172 885 2263 aderant,
904 2185 953 2264 et,
970 2171 1008 2241 in
1022 2169 1162 2243 diversa
1173 2171 1339 2263 nitentes,

280 2284 414 2358 exitum
431 2285 482 2355 rei
498 2285 786 2358 considerabant.

328 2401 492 2498 Denique
510 2400 719 2498 spectabiles
737 2401 922 2500 sophistae,
945 2402 1074 2500 quide
1095 2414 1150 2474 tot
1170 2399 1341 2474 militibus

279 2517 449 2615 segregati
477 2515 642 2608 fuerunt,
671 2531 754 2616 post
778 2517 955 2591 diutinam
981 2518 1264 2592 collocutionem
1287 2543 1339 2590 re·

279 2637 385 2722 versi,
409 2635 575 2707 dixerunt
601 2661 609 2704 :
636 2632 863 2706 Frederieum
890 2633 1011 2708 duem
1035 2634 1335 2720 Alernannorum,

280 2755 472 2822 Henricum
487 2748 610 2821 ducem
622 2749 928 2848 lotharingorum,
947 2767 985 2821 et
995 2750 1203 2821 lotharium
1219 2748 1338 2821 diesem

278 2869 463 2937 Saxonum
480 2854 680 2951 laudamus,
700 2880 738 2935 et
750 2863 972 2937 lsorrorobiles
989 2868 1096 2953 ciros,
1118 2869 1339 2964 imperioque

247 2962 249 2969 Ι
276 2981 401 3080 dignos
403 2978 653 3078 proedr'comus.
666 2983 742 3051 Hoc
746 3005 819 3078 pro
832 2997 937 3068 certo,
951 3005 1024 3051 non
1027 2979 1210 3078 peculiari
1209 2978 1340 3075 sorore

278 3095 398 3182 illecti,
418 3093 578 3181 cincinnus,
595 3093 660 3164 secl
678 3095 871 3166 universali
883 3095 999 3166 solute
1013 3110 1214 3192 perspecta,
1231 3111 1339 3192 prout

279 3208 377 3279 nobis
395 3212 505 3280 cuum
521 3224 583 3295 est,
604 3211 807 3280 asserimus.
825 3209 947 3280 Deliis
961 3207 1070 3281 tribus
1086 3233 1338 3307 quemcumque

279 3322 456 3395 volueritis
477 3327 516 3396 in
534 3327 676 3396 tramine
695 3329 846 3397 Domini
860 3328 1006 3414 sumite,
1033 3329 1119 3424 quia
1141 3351 1280 3412 omnes,
1302 3342 1340 3395 ut

269 3438 354 3536 jam
371 3437 503 3509 dudum
513 3440 705 3537 probatum
718 3457 781 3529 est,
805 3440 998 3514 hudobilcs
1012 3457 1099 3514 sunt
1105 3467 1286 3538 personae,
1306 3456 1340 3511 ct

277 3553 403 3622 nterito
426 3556 646 3625 strenuitatis
671 3558 735 3626 toti
757 3554 903 3641 mundo,
931 3571 970 3625 ut
989 3554 1222 3642 arbitramur,
1245 3579 1338 3652 prse-

272 3663 458 3766 ponenda.

326 3787 389 3856 His
402 3780 551 3873 auditis,
562 3782 853 3884 archiepiscopus
863 3786 974 3857 dixit:
997 3790 1067 3856 Vos
1078 3783 1230 3882 gloriosi
1237 3786 1338 3881 prin·

311 4064 350 4130 (t)
370 4061 419 4115 Les
432 4061 529 4114 choses
542 4077 570 4113 se
585 4059 725 4131 passtrent
742 4071 805 4116 tout
820 4061 1033 4119 differemment.
1052 4062 1088 4116 Le
1104 4061 1188 4116 choix
1204 4059 1245 4115 du
1261 4059 1338 4114 futur

276 4167 421 4218 corporeus
432 4147 475 4201 lut
489 4149 572 4202 remis
586 4150 601 4200 a
615 4146 663 4200 dix
674 4147 818 4202 electeus-s.
