2888 4934
193 396 253 459 tte
464 393 647 455 utstottta
669 393 972 455 eccelesiastica.
1035 395 1248 475 [utente]

191 527 276 598 viris
303 539 338 596 et
360 524 584 617 mulieribus,
609 551 684 599 non
712 526 831 600 solum
850 526 1026 618 honestis,
1049 525 1119 600 sed
1139 528 1247 600 etiam

191 641 321 713 scurris
344 663 386 712 ac
410 642 672 734 meretricibus,
692 656 896 743 pamerunt.
916 647 998 742 lpea
1015 641 1076 716 die
1091 641 1247 716 terribile

192 753 393 856 prodigium
415 755 486 828 illic
509 758 668 854 contigit.
696 763 824 854 lugens
846 757 999 831 besilieae
1023 758 1143 850 navis,
1169 783 1247 855 qtae

193 892 306 966 nuper
318 868 413 942 edita
421 869 546 964 fixerat,
557 873 707 965 corruit3
720 872 797 964 sed,
811 887 1020 971 protegente
1029 877 1124 963 Deo,
1136 872 1246 945 nemi·

192 1009 274 1057 nem
298 985 395 1058 laesit.
423 987 480 1058 Sic
504 988 585 1086 pius
611 989 786 1062 Dominus
811 1010 936 1061 omnes
963 1012 1031 1087 pro
1060 988 1246 1061 temeraria

189 1101 373 1174 invasione
397 1104 574 1201 insperata
595 1105 700 1177 ruina
721 1105 862 1196 terruit,
887 1126 955 1177 sua
977 1118 1101 1177 tamen
1122 1127 1246 1177 omnes

189 1216 362 1290 immensa
376 1215 593 1313 benignitate
611 1219 769 1291 salvavit.
790 1221 947 1318 Populus
961 1220 1084 1316 itaque
1098 1217 1246 1290 diiiinus

190 1329 323 1429 ubique
332 1331 565 1427 discurrebat,
576 1346 612 1406 et
621 1334 847 1433 impudenter
857 1334 975 1407 illicita
982 1331 1243 1430 exercebant).

189 1450 300 1520 Porro
316 1446 437 1520 divina
451 1472 560 1520 menn
578 1449 625 1521 ab
643 1450 807 1521 immanis
821 1473 924 1522 casus
938 1449 1158 1521 contritione
1170 1447 1246 1520 itte

189 1588 248 1636 sus
265 1564 392 1654 evasit,
414 1565 577 1662 miroque
599 1564 710 1639 modo
726 1581 939 1655 reservatus,
956 1565 1135 1663 poenitcre
1152 1577 1246 1662 post·

189 1678 340 1750 modum
357 1680 487 1778 potuit.
512 1685 635 1752 Petrus
653 1705 740 1752 vero
760 1679 872 1752 abbas
888 1680 1016 1752 absens
1034 1693 1132 1772 erat,
1155 1693 1193 1751 et
1209 1678 1244 1749 itt

188 1796 402 1894 longinquas
424 1798 586 1894 regiones
610 1796 761 1888 abierat,
787 1820 854 1896 pro
877 1796 1075 1869 multorum
1101 1793 1247 1867 utilitato

189 1911 350 2003 fratrum,
382 1921 539 2009 quorum
565 1935 689 1985 curam
713 1928 927 2012 susceperat.
959 1912 1013 1984 td
1039 1934 1160 2008 quem·
1179 1933 1246 1981 sue

188 2027 299 2125 partis
316 2027 483 2100 monachi
504 2027 775 2120 festinaverunt,
799 2042 835 2100 et
857 2027 988 2101 damna
1006 2048 1093 2096 cum
1113 2023 1247 2119 injuriis

188 2143 254 2212 Dei
274 2143 382 2214 servis
407 2144 557 2241 turpiter
585 2143 699 2235 illata,
724 2144 882 2217 seriatim
899 2142 1167 2213 intimaverunt
1191 2135 1246 2209 tlte

189 2270 309 2327 autem
324 2281 401 2328 non
416 2257 646 2348 cluniacum,
664 2258 728 2331 sed
746 2262 893 2331 Romam
911 2256 1062 2354 impigre
1077 2254 1244 2352 perrexit,

188 2384 224 2442 et
240 2374 342 2468 Papte
357 2370 413 2467 (2)
429 2397 507 2443 rem
523 2388 675 2467 gestam,
699 2372 945 2446 attestantibus
964 2368 1156 2442 monacbis
1171 2390 1246 2465 que

189 2486 346 2584 perpessi
356 2484 508 2578 fuerant,
522 2486 724 2558 elucidavit.
737 2486 847 2574 Quod
857 2483 1007 2560 audiens
1018 2488 1130 2581 Papo,
1144 2480 1245 2553 nimis

188 2602 416 2672 contristatus
424 2612 651 2700 est,tampro
662 2600 837 2674 dedecore
850 2599 1127 2689 monachorum,
1140 2619 1245 2692 qttam

189 2719 510 2817 prorcatupopuli,
520 2719 582 2816 qui
591 2717 1104 2816 legemDeipraevaricatusest.
1112 2709 1246 2784 Deinde

190 2832 364 2902 Poncium
376 2833 540 2929 protinus
553 2832 724 2923 accersiit,
743 2831 790 2905 ad
806 2856 953 2904 examen
971 2827 1247 2928 ApostoiieoeSe·

189 2944 952 3047 disastarepraeccpit,rationemredditurus
962 2943 1246 3041 undeimpetittu

190 3058 307 3132 suerit.
320 3065 362 3133 tt
370 3062 428 3134 ille
439 3066 588 3135 Romam
595 3066 757 3156 veniens,
768 3069 900 3160 Papam
907 3062 1004 3133 adire
1015 3058 1168 3148 distulit,
1177 3056 1247 3128 die·-

190 3200 261 3271 que
269 3176 501 3251 denominato
512 3180 557 3251 ad
567 3181 736 3278 placitum
747 3175 1109 3252 summonitusvenire
1118 3171 1243 3244 renuit.

240 3293 420 3365 Romanus
455 3294 563 3390 igitur
595 3294 755 3366 Pontifex
788 3299 932 3365 Petrum
968 3315 1052 3362 cum
1090 3285 1248 3387 apicibus

190 3405 394 3498 apostolicis
409 3423 445 3479 et
465 3407 697 3505 dignitatibus
715 3409 928 3480 Cluniacum
943 3403 1151 3492 destinavit,
1171 3423 1247 3471 mo·

191 3516 387 3616 nachisque
402 3536 442 3592 ut
456 3523 493 3595 in
512 3524 681 3596 omnibus
696 3525 730 3596 ei
748 3521 946 3596 secundum
961 3520 1120 3617 regulam
1139 3517 1247 3590 sancti

192 3633 302 3730 patris
312 3635 493 3711 Benedicti
505 3638 802 3740 obsequerentur,
818 3635 1011 3711 mandavit.
1024 3630 1145 3723 atilli,
1155 3633 1249 3728 jussa

226 3954 267 4024 (1)
283 3953 337 4010 Cet
352 3951 500 4008 ddeordres
517 3952 651 4012 deserent
667 3956 767 4032 depuis
786 3957 813 4013 ie
829 3963 1068 4013 commenoement
1086 3953 1125 4008 do
1145 3952 1250 4008 cariore

190 4039 319 4114 jusqu’au
333 4042 403 4097 mois
415 4040 567 4098 d'octobre.

227 4130 268 4198 (2)
284 4130 426 4186 Honorius
440 4131 477 4186 11.
