2888 4934
193 438 253 499 4Ξο
463 436 647 497 etstottta
669 436 974 500 eccttssstssnct.
1144 447 1252 527 [nto]

192 570 243 641 ris
254 569 322 666 (l),
337 581 532 663 qrraerentes
542 582 679 641 somata
687 568 923 667 perditorum,
935 571 1038 645 avide
1049 571 1253 648 discurrunt

191 705 255 782 per
263 685 384 756 littora
393 685 517 776 meris3
534 686 596 756 sed
608 707 684 756 non
692 686 923 776 invenientes,
936 688 1147 761 muneribus
1159 691 1252 763 trau:

192 798 368 870 dabantur
384 800 590 896 peroptatis.
611 800 781 897 Opulenti
797 818 980 898 magnates
994 804 1107 875 nandi
1122 828 1251 900 gnaros

190 927 225 983 et
258 914 413 985 famosos
440 936 613 986 mersores
637 913 769 986 obnixe
795 916 1011 1013 quaerebant,
1041 934 1078 991 et
1103 941 1250 1014 magnos

189 1049 317 1102 census
334 1031 385 1103 eis
405 1015 648 1130 spondebant,
672 1033 701 1102 si
722 1055 890 1105 carorum
909 1053 1059 1106 suorum
1077 1033 1249 1107 caderem

137 1157 140 1165 '
189 1143 257 1215 sibi
273 1143 477 1236 redderent,
495 1160 592 1217 ntea
609 1144 724 1242 dignae
739 1148 928 1247 sepulturae
943 1147 1140 1219 traderent.
1236 1185 1241 1196 ·

237 1260 434 1358 Municipes
448 1259 615 1332 Moritolii
628 1286 700 1358 prae
713 1263 847 1334 caeteris
863 1287 947 1335 suos
962 1263 1095 1335 obnixe
1111 1264 1248 1359 qumis

189 1387 295 1466 runt,
323 1375 405 1472 quia
431 1400 524 1472 pene
552 1398 677 1446 omnes
702 1376 795 1447 illius
819 1377 1009 1449 comitatus
1033 1376 1192 1450 barones
1214 1393 1247 1451 et

187 1488 288 1561 electi
307 1491 472 1588 optiones
488 1491 682 1588 perierunt.
703 1492 808 1564 Solus
825 1517 947 1565 comes
963 1493 1032 1590 (2),
1052 1509 1093 1565 ut
1116 1493 1245 1567 dictum

188 1619 253 1696 est,
271 1606 356 1702 quia
369 1604 499 1678 diarria
511 1603 776 1696 molestabatur,
790 1621 826 1678 et
838 1607 912 1679 duo
927 1609 1078 1680 milites:
1093 1609 1246 1683 thber

190 1733 246 1791 tus
257 1719 305 1791 de
317 1717 500 1792 Salc'avilla
513 1720 566 1816 (3)
582 1735 617 1791 et
631 1721 845 1810 Gualterius‚
861 1723 991 1818 egressi
1003 1738 1102 1814 sunt,
1116 1726 1245 1823 Deique

188 1850 296 1926 nutu,
325 1835 402 1907 aliis
430 1835 492 1932 qui
517 1851 759 1907 remanserant
788 1835 1037 1934 pereuntibus,
1066 1840 1104 1910 in
1132 1860 1244 1938 puppe

188 1950 280 2048 regis
291 1974 463 2049 prospere
474 1949 799 2022 transfretaverunt.
818 1950 1120 2024 Ricardusautem
1131 1977 1244 2025 eomes

188 2079 224 2134 et
240 2065 345 2163 pauci
363 2066 422 2137 alii
443 2078 525 2162 post
542 2064 715 2162 plurimos
731 2063 807 2137 dies
822 2066 929 2162 longe
946 2089 966 2136 a
981 2067 1064 2139 loco
1082 2068 1244 2166 perditio-

188 2181 244 2251 nis
262 2181 397 2252 inventi
413 2194 515 2270 sunt,
537 2180 788 2252 sicuti'fluctus
806 2180 966 2277 quotidie
987 2183 1173 2255 saevientes
1190 2207 1243 2255 eos

187 2309 476 2391 asportaverunt,
494 2309 530 2366 et
545 2296 721 2393 pervarie
737 2295 964 2387 indumenta,
986 2297 1120 2395 quibus
1136 2300 1241 2372 vestiti

192 2408 349 2499 suerent,
368 2433 390 2482 a
405 2410 500 2481 notis
517 2410 687 2506 recogniti
703 2425 799 2483 sunt.

236 2528 374 2597 XXVII.
388 2523 545 2598 Annoab
554 2524 798 2598 incarnatione
807 2528 953 2598 Domini
959 2533 1001 2599 n⁰
1011 2533 1045 2600 c⁰
1053 2534 1133 2621 xx',
1143 2526 1241 2601 indie·

187 2645 285 2716 tione
300 2648 391 2734 xur‘,
406 2640 562 2714 Calixtus
573 2645 681 2740 Papa,
696 2641 939 2714 ecclesiasticis
957 2642 1066 2716 rebus
1081 2645 1119 2716 in
1138 2644 1240 2717 Gallia

221 2925 261 2996 (l)
278 2924 315 2978 Le
327 2926 363 2981 et
375 2921 540 2992 novembre,
551 2922 617 2993 jour
633 2920 668 2976 de
680 2921 952 2976 sainte-Catherine.
968 2920 1046 2975 Nous
1061 2940 1181 2994 pensons
1195 2939 1241 2996 que

188 3023 268 3065 notre
279 3021 379 3065 auteur
391 3018 513 3064 commet
526 3025 627 3062 encore
642 3009 678 3063 ici
693 3027 748 3062 une
763 3007 958 3074 inexactitude,
972 3019 1000 3062 et
1012 3027 1069 3082 que
1080 3008 1107 3064 le
1119 3011 1241 3081 nauimge

188 3108 271 3168 ayant
281 3116 317 3152 eu
328 3097 386 3152 lieu
398 3096 424 3151 le
436 3097 471 3152 25
484 3094 642 3162 novembre,
658 3113 766 3151 comme
779 3094 799 3149 il
812 3095 889 3150 vient
900 3094 935 3149 de
947 3095 974 3149 le
984 3094 1056 3162 dire,
1070 3115 1103 3150 ce
1115 3098 1183 3151 n'est
1195 3113 1241 3170 que

188 3185 214 3240 le
224 3185 382 3241 lendemain
390 3187 436 3255 26,
449 3185 563 3239 sixieme
570 3183 637 3255 jour
648 3183 697 3238 des
705 3181 843 3253 calendes,
854 3200 910 3257 que
919 3200 964 3238 ces
974 3183 1142 3241 recherches
1150 3195 1241 3240 auront

189 3290 226 3345 pu
240 3274 299 3328 dtre
312 3275 402 3329 laites.

223 3359 264 3431 (2)
282 3347 400 3416 Etienne
412 3359 448 3415 de
460 3359 550 3429 Blois,
564 3369 655 3415 comte
668 3357 704 3414 de
718 3359 848 3415 Mortrin.

224 3450 261 3522 (3)
276 3449 353 3505 Nous
365 3468 485 3523 pensem
496 3468 552 3525 que
563 3468 594 3504 ce
605 3465 777 3523 personnage
789 3449 858 3504 etait
868 3449 1029 3522 originaire,
1043 3466 1101 3504 non
1112 3448 1151 3503 du
1159 3447 1242 3503 eone

189 3537 224 3592 de
238 3536 373 3604 Mortain,
388 3539 456 3593 mais
474 3537 509 3592 de
519 3535 712 3612 Sanquerille,
729 3537 794 3609 pres
804 3537 921 3610 Dieppe.
939 3536 964 3590 Il
979 3547 1021 3592 est
1039 3538 1097 3592 cite
1110 3537 1180 3594 dans
1194 3552 1243 3590 nne

189 3627 285 3681 charte
297 3623 333 3680 de
346 3624 509 3682 Guillaume
521 3625 646 3694 Giffsrd,
660 3627 764 3701 ereque
781 3626 816 3681 de
828 3626 1025 3694 winchester,
1042 3646 1109 3683 avec
1124 3645 1167 3683 ses
1178 3626 1243 3681 dem

190 3717 277 3770 ireres
288 3712 365 3766 aines
377 3734 384 3764 t
397 3712 532 3768 Jourdun
544 3724 573 3768 ct
583 3712 754 3770 Guillaume.

226 3804 308 3863 Voici
326 3818 426 3856 encore
441 3820 498 3855 une
511 3803 701 3858 circonstance
710 3800 822 3857 difficile
833 3804 848 3855 t
860 3801 1003 3875 expliquer
1021 3825 1027 3854 ε
1042 3801 1166 3857 Orderic
1181 3817 1243 3857 nour

190 3895 233 3951 dit
244 3913 299 3970 qne
313 3888 532 3947 t’tncommodtre
542 3890 613 3946 dont
626 3893 651 3946 le
663 3902 754 3947 comte
765 3890 801 3946 de
814 3891 936 3946 Mortain
949 3891 1018 3945 erait
1031 3887 1124 3963 afflige
1137 3889 1165 3944 le
1176 3890 1242 3963 force

196 3977 626 4060 1σεφιίῑωνΙειΒΙαιιεΙιι-Νιψ
639 3999 711 4053 pour
729 3978 849 4053 prendre
868 3979 945 4053 place
968 3996 1017 4032 sur
1037 3978 1063 4032 le
1083 3980 1178 4033 nerim
1195 3995 1242 4051 qne

232 4073 311 4129 *nteit
324 4071 349 4126 le
364 4069 417 4123 roi.
435 4066 488 4134 Or,
504 4084 573 4122 nour
586 4087 687 4124 venons
703 4069 739 4125 de
752 4069 812 4124 voir
825 4087 880 4142 que
896 4086 927 4122 ce
943 4069 1038 4122 narire
1053 4069 1123 4123 etait
1138 4066 1241 4142 partile
