3130 5058
358 517 421 579 aas
632 499 816 576 nrsroml
833 513 1145 581 acclamantur.
1207 517 1418 600 [naa-nu]

359 647 626 746 potentissimus
643 646 773 737 extitit,
797 662 833 721 et
852 652 1024 740 Francos,
1042 663 1234 749 postquam
1256 675 1295 722 rx
1316 673 1418 724 men·

360 761 458 840 sibus
487 759 685 836 honorilice
711 763 882 854 servarit,
906 762 1060 864 Caliphse
1083 765 1130 838 dc
1157 763 1289 840 Baldac
1317 765 1418 840 dono
1451 799 1456 810 ·

359 877 471 952 dedit.
493 881 532 950 ln
549 878 743 952 crastinum
758 876 938 956 soldanus,
952 879 1098 955 eosdem
1115 903 1138 954 a
1152 879 1302 980 Calipha
1319 905 1418 954 rece·

358 993 426 1091 pit,
453 1008 490 1066 et
510 1017 596 1066 mox
618 991 795 1084 libertate,
816 993 1006 1092 multisque
1026 989 1156 1070 divitiis
1175 996 1337 1069 donavit.
1364 996 1419 1070 lbi

358 1123 513 1206 quatuor
534 1108 673 1182 athletae
692 1109 946 1202 Guiumarum,
972 1110 1098 1184 Alanni
1120 1111 1260 1185 comitis
1281 1111 1415 1202 filium,

357 1224 426 1297 sibi
437 1224 626 1297 dominnm
638 1225 880 1322 praefecerunt,
894 1240 931 1299 et
943 1226 1011 1300 sub
1020 1226 1177 1300 soldano
1188 1225 1302 1300 tribus
1312 1228 1419 1300 semis
1552 1313 1553 1330 2

358 1339 462 1412 annis
479 1364 563 1418 eum
584 1340 717 1437 ingenti
733 1339 874 1413 honore
891 1358 1182 1440 permanserunt3
1205 1357 1335 1442 quarto
1355 1367 1418 1416 au·

357 1470 431 1528 tem
447 1480 546 1529 anno
561 1454 785 1528 Antiochiam
801 1456 1014 1554 redierunt(
1040 1457 1068 1553 ).
1552 1473 1553 1484 ¹

405 1574 446 1642 ln
469 1568 574 1642 exilio
599 1567 774 1667 benignus
803 1573 899 1642 Deus
921 1595 1026 1643 suum
1050 1571 1122 1642 suis
1148 1569 1319 1642 auxilium
1342 1594 1416 1645 non

356 1683 542 1776 subtraxit.
562 1689 652 1758 Nam
665 1684 799 1785 praelati
811 1685 1127 1784 quinquemilites,
1142 1687 1205 1784 qui
1220 1700 1295 1758 tam
1310 1685 1416 1782 longe

356 1800 394 1872 in
411 1801 653 1899 captivitatem
668 1791 813 1874 abdu‘cti
828 1816 930 1890 sunt,
949 1825 1117 1897 magnam
1136 1801 1230 1874 inter
1244 1799 1417 1874 barbarus

357 1916 506 2011 gratiam
532 1914 749 1990 habuerunt.
776 1919 849 1989 Rex
874 1917 1008 2015 quippe
1035 1915 1224 1991 Medorum
1249 1915 1416 2014 praelecto

356 2029 456 2104 urbis
470 2055 534 2104 eos
546 2031 825 2123 commendavit,
846 2047 882 2106 et
896 2031 1033 2106 Gallim
1048 2056 1148 2106 more
1163 2029 1313 2108 indutos
1327 2053 1416 2128 quo·

356 2144 443 2218 tidie
458 2145 528 2219 sibi
543 2149 705 2221 assistere
722 2148 902 2247 praecepit.
920 2148 1046 2220 Sericis
1063 2161 1100 2220 et
1113 2147 1245 2220 auratis
1261 2144 1419 2220 vestibus

356 2262 604 2352 omeliarum,
624 2287 736 2360 equos
753 2278 791 2337 et
810 2287 922 2354 arma,
940 2249 1147 2361 variamque
1164 2259 1417 2360 supellectilem

356 2372 554 2468 habebant,
574 2392 610 2450 et
625 2377 797 2475 quicquid
816 2401 838 2450 a
857 2403 940 2476 rege
961 2378 1017 2453 vel
1037 2403 1058 2451 a
1079 2377 1245 2477 praelecto
1261 2374 1417 2475 postula-

355 2487 456 2562 bant.
481 2491 697 2590 spectabiles
715 2516 837 2566 coram
857 2495 971 2566 Persis
990 2492 1250 2592 procedebant,
1271 2507 1309 2564 et
1325 2489 1417 2564 lledi

356 2604 494 2680 cultum
524 2611 744 2680 Francorum
775 2607 992 2682 admirantes
1028 2605 1291 2681 collaudabant.
1328 2604 1416 2680 Filie

356 2745 480 2820 regum
503 2721 673 2798 decorem
699 2747 826 2796 eornm
850 2723 1080 2814 affectabant,
1104 2723 1309 2820 facetiisque
1333 2721 1415 2794 arri·

355 2836 501 2915 debant.
533 2841 605 2938 Ipsi
630 2863 777 2939 quoque
802 2864 903 2938 reges
932 2855 1039 2938 atque
1067 2839 1177 2913 duces
1206 2838 1253 2912 de
1283 2837 1416 2911 semine

355 2959 574 3029 Francorum
608 2970 759 3054 nepotes
790 2953 923 3029 habere
953 2954 1268 3054 concupiscebant.
1305 2958 1415 3027 Nemo

356 3084 477 3144 umen
497 3096 519 3144 a
537 3070 636 3144 cultu
659 3071 789 3144 Christi
806 3095 868 3144 eos
884 3069 1105 3169 aliqualem
1120 3068 1307 3162 recedere,
1325 3069 1417 3144 vela

355 3210 422 3258 suo
439 3189 510 3260 ritu
526 3187 704 3288 compulit
720 3186 875 3261 deviare.

373 3365 376 3375 .
404 3307 459 3376 De
478 3303 608 3378 divitiis
627 3305 783 3378 Soldani‘
796 3303 887 3380 mira
909 3301 1083 3395 relemnt,
1110 3317 1147 3376 et
1160 3302 1207 3374 de
1230 3302 1417 3400 incognitis

390 3547 430 3622 (t)
447 3548 473 3604 ΙΙ
489 3549 559 3609 n’eet
575 3551 715 3624 perfacile
729 3551 1045 3609 desereeonnaltrean
1057 3551 1155 3608 milico
1167 3550 1203 3607 de
1218 3561 1283 3606 toas
1296 3567 1343 3607 cer
1354 3567 1416 3606 scn-

354 3637 463 3694 rerains
476 3637 658 3697 llusnlmans.
675 3639 754 3696 Nous
767 3657 888 3714 pensons
903 3639 973 3716 qn’il
988 3641 1048 3698 lent
1063 3640 1116 3696 lire
1130 3663 1136 3695 :
1154 3637 1279 3712 caepta
1291 3637 1328 3694 de
1340 3637 1418 3712 Bag·

242 3730 246 3738 '
355 3723 424 3780 dad.
441 3726 542 3782 C’etait
555 3727 628 3783 alors
643 3727 821 3784 ldostarched
833 3729 966 3800 (etta-28
979 3727 1138 3803 septembre
1158 3729 1247 3804 llud).
1263 3725 1354 3782 Notre
1369 3741 1417 3780 aa·

355 3823 419 3870 teur
436 3814 506 3871 n’est
525 3833 574 3889 par
591 3817 654 3890 plns
671 3817 798 3874 henr-eux
818 3835 854 3873 en
874 3817 1057 3890 chronologis
1077 3819 1113 3874 ici
1134 3816 1296 3894 qu’aillenrs
1311 3814 1352 3870 :il
1369 3811 1418 3868 tait

355 3919 475 3977 voyager
488 3903 614 3978 pendant
625 3908 694 3964 trois
706 3925 755 3962 ans
767 3917 796 3963 et
807 3904 884 3964 demi
897 3906 938 3964 les
951 3908 1123 3981 priscaniers
1133 3905 1293 3972 chretiens5
1308 3903 1371 3976 puis
1382 3918 1417 3954 an

354 3992 510 4064 quatrieme
524 3991 558 4047 ils
573 4002 734 4049 retruurent
750 3992 833 4049 Bnlals
847 3997 1003 4070 arsiegeant
1017 3994 1150 4061 Manbec,
1165 4002 1195 4048 et
1209 4001 1339 4050 retemm
1354 4001 1415 4044 tou·

350 4077 431 4151 jonrs
448 4078 475 4135 le
491 4080 535 4136 roi
549 4079 695 4136 Bandonin
706 4079 776 4136 dans
788 4100 844 4138 une
857 4084 959 4140 etroite
975 4084 1116 4156 caprivttt.
1130 4081 1184 4151 Or,
1200 4098 1272 4136 nous
1285 4095 1369 4135 arona
1381 4093 1415 4130 ru

354 4166 1413 4245 quelapremierepriaedeceprinceneremontaitpaspluslrsntqnell2³‚

354 4265 384 4311 et
394 4272 429 4311 su
442 4258 598 4330 printemps
610 4255 646 4314 de
657 4259 728 4318 ttat
740 4259 861 4314 Jceeelin
874 4260 945 4315 tnait
957 4258 1041 4315 natat
1053 4258 1089 4315 ds
1100 4276 1127 4314 aa
1142 4275 1245 4332 propre
1257 4257 1344 4311 main.
