2888 4934
199 426 412 504 [uu-1113]
541 425 657 488 mem
681 425 920 486 uroecmus.
1200 427 1256 489 sor

249 559 388 631 Eodem
402 583 498 631 anno
511 558 579 656 (l),
599 559 749 631 Karolus
766 562 962 656 Imperator
980 556 1181 629 Paschalem
1196 563 1259 631 Pa·

202 699 286 772 pum
296 676 404 774 cepit,
420 689 455 747 et
469 673 658 747 Ecclesiam
673 677 752 767 Dei,
767 675 857 747 sicut
865 674 939 771 jam
950 672 1034 745 alias
1046 672 1180 745 dictum
1192 691 1257 768 est,

201 788 431 861 vehementer
449 788 615 860 turbavit.

247 907 353 975 XLll.
370 907 473 976 Anno
483 904 529 976 ab
540 904 788 978 lucamatione
801 904 948 976 Domini
962 909 1045 976 u⁰c⁰
1058 912 1134 993 xn⁰,
1150 905 1260 978 Gisle·

200 1014 323 1090 bertus
333 1043 454 1108 senex,
468 1018 694 1092 Ebroicensis
710 1021 912 1118 episcopus,
928 1034 1120 1116 postquam
1133 1020 1170 1090 in
1188 1022 1260 1119 epi·

198 1149 350 1232 scopatu
367 1161 474 1205 xxxiv
487 1136 541 1231 (2)
554 1137 655 1207 annis
669 1137 767 1228 vixit,
783 1138 820 1208 in
834 1148 1016 1207 senectute
1030 1134 1126 1207 bona
1139 1142 1188 1206 1v⁰
1200 1137 1261 1208 ka·

195 1246 325 1321 lendas
353 1251 563 1349 septembris
591 1252 699 1343 obiit,
733 1265 769 1324 et
797 1253 834 1323 in
869 1250 1014 1323 basilica
1040 1267 1168 1324 sanctae
1194 1253 1260 1324 Dei

191 1366 379 1461 genitricis
389 1370 506 1440 Mariae
519 1368 677 1467 sepultus
694 1384 759 1460 est,
776 1393 885 1466 quam
898 1369 973 1465 ipse
986 1367 1145 1467 perfecit,
1160 1369 1259 1441 dedi·
1320 1359 1322 1363 ¹

190 1481 272 1550 cari
289 1479 383 1572 lecit,
397 1483 681 1579 possessionibus
694 1499 729 1557 et
741 1478 960 1556 ornamentis
974 1483 1111 1575 ditavit,
1125 1484 1259 1557 clerum

188 1594 396 1692 ampliavit,
413 1612 447 1668 et
461 1598 696 1672 ecclesiastico
712 1599 824 1671 cultui
838 1615 959 1688 nocte,
976 1599 1105 1696 dieque
1121 1601 1259 1671 manci·

187 1711 309 1807 pavit.
323 1714 491 1809 Sequenti
501 1729 619 1786 autem
631 1740 741 1806 anno,
753 1713 914 1786 Audinus
923 1715 1135 1806 baiocensis,
1147 1714 1260 1813 capel·

186 1822 302 1896 lanus
315 1829 417 1924 regis,
434 1831 613 1921 successit,
632 1833 695 1928 qui
711 1829 911 1903 eruditione
927 1830 1125 1902 litterarum
1139 1831 1257 1902 imbu-

189 1952 269 2030 tus,
284 1940 351 2013 sibi
361 1945 557 2016 commissis
569 1946 663 2018 viam
677 1946 744 2018 Dei
756 1946 961 2044 regulariter
972 1947 1182 2018 monstravit
1190 1945 1255 2044 (3)

247 2060 367 2129 XLlll.
379 2061 796 2134 Annoablncarnatione
804 2062 950 2134 Domini
960 2067 1001 2132 n⁰
1012 2069 1044 2133 c⁰
1053 2068 1140 2152 xnr⁰,
1151 2061 1260 2133 indic·

194 2171 297 2244 tione
313 2178 374 2264 vr',
393 2177 578 2268 Heuricus‚
598 2203 658 2249 rex
672 2176 881 2275 Auglorum,
896 2201 1089 2276 procerum
1103 2176 1259 2248 multitu·

197 2285 282 2359 dine
301 2314 449 2362 suorum
465 2293 630 2390 stipatus,
655 2294 797 2364 Uticum
815 2294 929 2384 venit,
950 2291 1070 2390 ibique
1091 2290 1258 2364 Purifica-

196 2401 332 2474 tionem
358 2416 487 2477 sanctae
509 2407 574 2478 Dei
594 2408 773 2504 genitricis
789 2408 908 2479 illariae
925 2431 1008 2478 cum
1027 2429 1155 2503 magna
1172 2406 1259 2477 hila·

196 2516 300 2589 ritcte
324 2518 528 2591 celebravit.
551 2525 593 2592 ln
609 2522 764 2594 claustro
780 2521 1043 2593 monachorum
1064 2521 1126 2592 diu
1147 2518 1255 2609 sedit,

197 2655 273 2704 esse
291 2657 417 2707 eorum
435 2634 622 2732 diligenter
639 2636 897 2726 consideravit,
922 2651 957 2707 et
972 2649 1157 2733 perspecta
1175 2633 1258 2707 reli-

196 2746 311 2844 gionis
328 2748 591 2841 moderatione,
615 2752 693 2823 illos
713 2750 882 2823 laudavit.
906 2749 1076 2848 Sequenti
1094 2773 1178 2820 vero
1200 2747 1258 2820 die

195 2860 233 2934 in
247 2863 444 2962 capitulum
457 2867 568 2955 venit,
585 2867 792 2939 societatem
808 2891 935 2939 eorum
949 2864 1130 2937 humiliter
1143 2866 1258 2963 requi-

195 2979 277 3051 sivit
290 2994 324 3051 et
338 2983 484 3080 recepit.
504 2982 556 3054 lbi
573 2983 716 3056 luerunt
729 2998 880 3082 nepotes
894 2983 969 3079 ejus
986 3010 993 3052 :
1008 2979 1210 3054 Tedbaldus
1222 2997 1258 3054 et

193 3379 303 3419 comme
325 3363 415 3437 doyen
436 3364 472 3419 de
491 3365 596 3438 l'eglise
615 3364 654 3419 du
673 3365 761 3419 Mans.
779 3364 857 3419 Nous
877 3364 903 3418 le
923 3373 1117 3418 retrouverons
1132 3362 1253 3427 hiemet,

194 3459 223 3504 ct
240 3468 312 3505 nous
328 3469 430 3506 aurous
446 3451 593 3508 l'oecasiou
608 3452 644 3507 de
661 3470 825 3526 remarquer
840 3470 895 3526 que
912 3469 962 3507 son
979 3450 1204 3507 administration
1220 3470 1256 3506 ne

194 3534 238 3590 int
249 3537 279 3591 ni
293 3539 366 3591 aussi
379 3557 442 3609 sago
454 3540 484 3593 ni
497 3539 570 3593 aussi
583 3541 780 3613 prospereque
792 3549 873 3595 notre
884 3548 985 3594 auteur
995 3550 1060 3593 veut
1070 3539 1136 3594 bien
1147 3538 1173 3593 le
1183 3538 1253 3594 dire.

228 3626 269 3697 (l)
287 3627 324 3682 Le
336 3630 370 3685 t2
381 3628 491 3686 levrier.

227 3715 269 3784 (Ξ)
287 3715 329 3769 De
343 3719 411 3773 tutu
424 3721 439 3772 d
452 3716 478 3771 la
491 3717 528 3772 lin
539 3716 635 3773 d'aorit
644 3721 729 3784 ttt2‚
745 3716 765 3771 il
778 3734 848 3772 nous
859 3716 948 3790 parsit
960 3715 1071 3772 difficile
1083 3716 1118 3770 de
1130 3734 1165 3770 ne
1176 3726 1254 3769 trou-

195 3820 242 3858 rer
252 3821 309 3878 que
321 3814 523 3879 trente-quatre
535 3824 592 3861 ans,
601 3838 631 3846 -
643 3806 720 3860 Nous
734 3823 853 3878 pensons
865 3824 919 3879 que
933 3806 973 3860 les
985 3806 1136 3878 premieres
1147 3803 1254 3857 travees

196 3891 268 3949 dela
279 3893 373 3949 nesde
387 3894 412 3948 la
425 3894 582 3950 cathedrale
596 3882 746 3963 dilemur,
762 3894 801 3948 du
816 3894 877 3949 cote
890 3895 929 3949 du
940 3895 1047 3963 choeur,
1063 3901 1183 3965 peureut
1194 3890 1253 3944 &tre

198 3997 233 4036 ttu
247 3993 320 4037 reste
330 3982 365 4036 de
378 3982 480 4056 l'e'glise
492 3984 646 4038 construite
657 4001 708 4055 par
719 4000 751 4038 ce
763 3981 861 4055 prelat.

231 4074 271 4140 (3)
288 4071 328 4126 Ce
340 4088 511 4143 personnage
524 4072 592 4125 e'tait
603 4071 755 4144 originaire
772 4071 807 4127 dc
821 4070 1127 4134 conde-sur-Noireau,
1139 4076 1168 4120 et
1180 4065 1252 4120 frere

200 4156 281 4225 puiue
293 4158 328 4212 de
341 4160 472 4225 Turstiu,
487 4159 658 4233 arclrevtique
670 4159 783 4215 d'l'orlt.
