2888 4934
115 422 321 502 [ltro-1127]
441 421 558 484 LIBER
578 421 844 484 nuonssctrws.
1110 421 1170 484 ⁴73

115 552 311 625 infantulus
323 568 432 645 esset,
453 571 565 626 mater
578 555 653 651 ejus
670 553 867 653 Apuliensis
884 551 1016 647 Sibylla
1032 577 1172 624 veneno

117 683 299 767 perempta
310 683 374 740 est.
386 673 488 741 Pater
496 694 582 741 vero
593 670 682 766 ejus,
701 668 901 740 Rodbertus
914 665 985 738 dux
1001 670 1173 738 Norman-

117 807 261 875 uorum,
279 784 315 854 in
331 782 427 855 bello
443 784 539 883 apud
554 784 896 856 Tenerchebraicum
911 794 1036 881 captus
1054 797 1119 874 est,
1139 797 1174 854 et

117 897 306 991 Henricus,
342 899 448 971 frater
482 899 575 996 ejus,
612 924 673 972 rex
708 898 917 994 tnglorum,
947 898 1174 969 Normanniae

118 1010 287 1084 ducatum
306 1014 456 1112 adeptus
475 1029 540 1087 est.
560 1019 640 1114 lpse
656 1013 802 1110 quidem
819 1012 989 1113 puerulus
1007 1012 1115 1084 Heliae
1130 1011 1176 1084 de

117 1129 247 1200 Sancto
263 1128 426 1221 Sidonio,
444 1154 511 1202 suo
527 1130 690 1202 videlicet
706 1130 858 1222 sororio,
880 1128 927 1201 ad
946 1127 1177 1202 nutriendum

118 1241 208 1337 regis
221 1240 323 1336 jussu
342 1242 612 1315 commendatus
632 1258 702 1334 est3
723 1268 745 1315 a
762 1267 835 1339 quo
853 1266 919 1341 pro
941 1242 1070 1313 timore
1092 1266 1178 1339 pne·

118 1356 179 1428 sati
205 1357 296 1454 regis
319 1372 355 1429 et
377 1358 556 1430 fautorum
577 1360 654 1456 ejus
675 1360 711 1431 in
732 1358 883 1431 Galliam
904 1356 1082 1430 abductus
1105 1371 1176 1450 est,

118 1470 240 1569 ibique
266 1474 359 1546 inter
380 1489 585 1568 extraneos,
609 1478 647 1548 in
671 1500 801 1574 magna
821 1489 991 1571 egestate,
1016 1498 1083 1547 nec
1103 1475 1179 1546 sine

119 1586 231 1658 multa
244 1585 448 1681 formidine,
465 1590 637 1663 educatus
649 1604 715 1663 est.
731 1596 760 1662 A
772 1589 894 1661 multis
910 1588 1074 1660 hostibus
1089 1589 1180 1661 mul·

120 1719 214 1794 tum,
240 1706 430 1805 multisque
448 1708 565 1780 modis
586 1709 751 1806 quesitus
771 1721 841 1800 est,
863 1721 904 1778 ut
926 1707 1177 1805 perimeretur;

119 1844 142 1892 a
168 1822 288 1894 multis
310 1838 478 1896 econtra
500 1824 688 1921 requisitus
714 1837 785 1914 est,
814 1837 852 1894 ut
874 1822 1005 1895 honori
1029 1837 1179 1920 paterno
1261 1806 1264 1823 ¹

119 1937 372 2010 restitueretur.
392 1944 534 2012 Frustra
546 1953 699 2012 conatur
714 1938 752 2011 id
768 1962 871 2035 agere
888 1939 1046 2010 bumana
1067 1938 1181 2008 inten-
1283 1984 1287 1992 ·

121 2051 171 2121 tio
188 2052 287 2148 quod
303 2052 404 2124 aliter
425 2053 599 2152 disposuit
621 2053 743 2128 divina
765 2053 956 2126 ordinatio.
978 2051 1181 2144 Ludovicus

121 2188 182 2236 rex
193 2180 228 2237 et
238 2166 406 2266 praecipui
418 2169 608 2266 optimates
619 2169 718 2266 regni
730 2173 970 2240 Francorum:
987 2165 1181 2240 Balduinus

120 2281 314 2353 acerrimus
332 2281 473 2377 juvenis
493 2299 529 2356 et
546 2284 715 2375 Karolus,
734 2298 899 2382 satrapae,
918 2308 1002 2355 cum
1018 2283 1181 2381 proceri-

120 2393 189 2467 bus
214 2394 471 2492 flandrorum,
498 2399 691 2473 Amalricus
712 2399 758 2472 de
778 2399 1035 2491 Monte-Foru,
1061 2422 1182 2470 comes

122 2507 413 2606 Fbroicensim,
448 2513 647 2613 Stephanus
679 2538 802 2586 comes
835 2513 881 2585 de
917 2511 1117 2584 Albamarla
1147 2526 1182 2585 et

122 2625 294 2698 Henricus
316 2652 437 2700 comes
463 2632 693 2719 bucensium,
719 2628 967 2701 Gualerannus
989 2649 1111 2698 comes
1136 2625 1183 2698 de

121 2737 288 2808 Mellento
310 2751 346 2809 et
361 2743 465 2835 Hugo
486 2739 838 2831 deNovo·Caste110,
858 2745 962 2835 Hugo
981 2739 1026 2812 de
1043 2740 1181 2810 Monte·

123 2852 218 2923 Forti
235 2866 270 2923 et
286 2857 390 2950 Hugo
403 2852 449 2925 de
461 2858 644 2943 Gornam,
660 2853 870 2927 Guillelmus
881 2854 926 2926 de
939 2857 1114 2927 Raumara
1128 2855 1183 2952 (t)

123 2980 158 3038 et
180 2966 363 3041 Baldricus
394 2969 440 3043 de
467 2975 579 3043 Bosco
607 2970 686 3068 (2),
719 2968 901 3042 Richerius
925 2968 971 3042 de
1000 2970 1125 3066 Aquila
1146 2983 1183 3041 et

123 3082 331 3156 Eustachius
347 3083 393 3156 de
413 3087 571 3177 Britolio,
591 3099 628 3158 et
644 3086 747 3158 multi
762 3086 821 3158 alii
839 3091 1130 3158 Normannorum
1147 3100 1183 3157 et

157 3350 196 3419 (t)
214 3351 290 3407 Lisez
304 3376 310 3406 ι
323 3353 467 3410 Rolmara.

158 3436 198 3510 (2)
215 3441 296 3496 Ainsi
310 3460 366 3516 que
383 3460 453 3499 nous
465 3442 567 3499 l’avons
581 3445 728 3519 remaque
740 3442 877 3499 ci-dessns
892 3442 961 3498 dans
976 3459 1027 3498 nos
1044 3453 1123 3498 notes
1134 3458 1182 3496 sur

123 3521 149 3577 la
164 3523 274 3582 bataille
287 3527 323 3583 de
336 3529 478 3599 Bremule,
494 3549 525 3586 ce
542 3548 714 3605 personnage
731 3532 799 3586 etait
812 3530 839 3585 le
852 3530 943 3585 meme
959 3548 1014 3604 que
1030 3529 1133 3584 Baudn'
1147 3526 1182 3583 de

123 3610 196 3667 Brai.
209 3613 287 3668 Nous
297 3615 457 3686 ajouterons
468 3636 523 3692 que
535 3618 628 3674 c’etait
637 3619 664 3674 le
674 3617 716 3674 tib
728 3627 757 3673 et
767 3616 904 3673 l'heritier
914 3617 949 3673 de
960 3617 1048 3688 Goel,
1061 3614 1182 3690 premier

122 3697 162 3752 du
183 3719 265 3769 nom,
287 3703 417 3776 seigneur
436 3704 472 3761 de
492 3705 682 3774 Baudemont,
707 3705 824 3762 chiteau
843 3724 892 3761 sur
910 3705 935 3760 la
955 3705 1013 3761 rive
1033 3703 1125 3760 droite
1146 3701 1182 3756 de

122 3785 226 3859 l’Epte‚
241 3799 271 3844 et
282 3789 352 3847 dont
367 3793 444 3862 Brai,
462 3793 535 3850 sitne
549 3794 618 3850 dans
633 3793 688 3850 ttte
701 3795 822 3867 voisine,
837 3796 906 3852 n’est
919 3814 955 3851 en
972 3794 1092 3870 quelque
1107 3802 1182 3848 sorte

123 3875 226 3947 qu’une
237 3877 293 3933 tete
303 3879 339 3934 de
351 3892 430 3953 pont.
443 3882 546 3938 Baudri
556 3901 585 3938 se
594 3882 742 3939 reconcilia
753 3901 816 3938 avec
827 3884 916 3939 Henri
926 3884 970 3953 1“,
981 3881 1051 3937 dont
1058 3879 1080 3934 il
1089 3879 1181 3935 obtint

122 3962 149 4016 le
169 3965 278 4018 manoir
297 3964 331 4021 de
354 3968 493 4038 Mutsord‚
513 3981 541 4025 et
560 3970 632 4026 deux
651 3982 743 4027 autres
760 3971 828 4027 dans
847 3971 873 4027 le
894 3973 984 4027 comte
1004 3969 1039 4024 de
1059 3966 1178 4034 suffolti,

123 4062 204 4193 qvandt
221 4055 300 4107 tut.
319 4055 412 4129 Voyez
426 4076 457 4112 ce
473 4077 527 4132 que
544 4078 614 4115 nous
630 4079 665 4116 en
681 4079 763 4117 avons
777 4060 818 4117 dit
834 4060 902 4116 dans
918 4069 998 4114 notre
1014 4058 1113 4114 Notice
1131 4075 1179 4112 sur

148 4157 182 4193 au
202 4151 306 4196 emunt,
