2888 4934
261 419 321 480 282
478 474 481 480 ,
535 413 718 474 HISTORIA
739 415 1040 476 Eccnusrssrlcr.

259 550 383 622 simus.
408 547 511 619 Unde
525 548 683 644 preciosa
695 548 827 646 peritiae
840 572 912 620 suae
925 564 1160 623 monumenta
1175 549 1310 650 reliquit

259 667 298 737 in
315 663 436 762 Anglia
453 663 578 735 suturis
595 662 894 761 generationibus.
915 667 1005 736 Nam
1022 664 1144 763 plures
1164 665 1309 739 dictans

261 780 433 856 memoria
443 780 569 877 dignos
578 777 700 867 edidit,
713 793 749 850 et
758 780 869 852 sancti
879 778 1047 871 Oswaldi,
1059 780 1309 879 Guigornensis

260 897 417 996 episcopi
426 897 456 992 (4
466 895 492 991 ),
508 893 730 991 aliommquc
743 897 968 986 Sanctorum,
980 919 1138 993 quorum
1153 916 1310 997 propago

259 1011 306 1086 dc
319 1011 467 1085 Albione
479 1013 663 1110 processit,
682 1009 906 1084 delectabiles
923 1010 970 1083 ad
984 1011 1191 1085 canendum
1208 1013 1311 1086 histo-

258 1127 329 1200 rias
343 1129 496 1200 suaviter
509 1126 723 1225 composuit.
743 1127 838 1200 Ortis
851 1125 1084 1226 postmodum
1099 1127 1311 1227 quibusdam

258 1242 492 1317 simultatibus
511 1242 604 1313 inter
624 1243 741 1339 ipsum
758 1256 794 1314 et
810 1242 1067 1315 Lincoliensem
1084 1245 1309 1343 episcopum,

258 1359 413 1449 recessit,
427 1372 463 1430 et
473 1357 777 1428 Cenomannensis
789 1357 995 1447 Gunterius,
1014 1357 1061 1429 de
1076 1356 1176 1429 Bello
1193 1380 1314 1428 mona·

257 1471 365 1565 chus,
383 1473 445 1571 qui
460 1470 730 1544 salesburiensis
747 1470 860 1547 lucrat
875 1469 1162 1565 archidiaconus,
1180 1494 1314 1544 succes·

257 1586 316 1660 sit.
336 1589 402 1660 llic
421 1587 661 1661 monachilem
683 1587 840 1660 Torneiae
860 1601 1078 1659 conventum
1095 1587 1226 1660 ordine
1242 1589 1314 1658 bla-

253 1702 344 1801 joris
359 1704 563 1778 Monasterii
580 1702 787 1802 regulariter
803 1703 970 1795 instituit,
988 1718 1024 1775 et
1038 1701 1315 1803 pulcherrimam

257 1816 544 1892 afundamentis
567 1818 749 1891 basilicam
772 1842 856 1890 curn
880 1817 1031 1890 officinis
1054 1816 1316 1890 monachorum

256 1931 445 2030 diligenter
457 1936 667 2026 construxit,
687 1936 724 2007 in
737 1959 808 2033 qua
819 1933 914 2007 idem
927 1948 1010 2033 post
1025 1932 1179 2023 obitum,
1197 1956 1219 2004 a
1235 1930 1318 2003 lide·

258 2045 351 2121 libus
368 2049 549 2150 discipulis
567 2050 779 2142 tumulatus,
803 2051 963 2148 quiescit.
984 2047 1216 2148 Epitaphium
1232 2070 1316 2120 vem
1422 2078 1444 2106 ·

257 2165 380 2261 paucis
402 2164 561 2237 versibus
582 2189 689 2264 super
713 2165 775 2236 illo
801 2165 939 2237 editum
963 2165 1039 2261 ejus
1063 2188 1139 2236 esse
1165 2162 1317 2237 breviter

258 2275 400 2349 intimat
416 2280 465 2350 sic
482 2281 614 2353 notitiae
629 2279 843 2377 legentium:

345 2434 471 2491 Feclesiae
483 2435 574 2491 clarus
586 2437 737 2491 Tornensis
750 2435 880 2492 conditor
893 2436 991 2509 hujus,
1021 2507 1023 2511 .

346 2525 406 2581 Hac
415 2525 490 2598 jacet
502 2528 531 2580 in
544 2526 641 2580 tumba
652 2525 810 2581 Gunterius
822 2524 942 2597 inclytus
953 2523 1032 2579 abba.

346 2613 399 2670 Sex
409 2625 437 2669 et
449 2615 548 2686 viginti
561 2615 614 2669 luit
626 2615 705 2668 annis
720 2625 821 2681 rector,
835 2623 864 2668 et
875 2613 922 2668 isti

381 2704 516 2760 Coeuobio
528 2704 624 2759 multis
638 2704 744 2777 proluit
756 2721 844 2777 usque
856 2700 955 2756 modis.

346 2792 449 2851 Omnes
460 2811 531 2866 quos
543 2792 636 2864 potuit
648 2790 799 2846 virtutibus
810 2791 869 2861 ipse
881 2787 1006 2860 subegit,

345 2881 401 2936 Per
414 2898 483 2955 quas
497 2879 668 2953 stelligerum
683 2878 811 2953 sperabat
822 2874 952 2931 scandere
965 2891 1092 2948 regnum.

347 2971 473 3026 Tandem
486 2969 635 3045 quindenis
647 2969 757 3042 augusti
771 2968 825 3022 rite
837 2963 961 3019 kalendis

383 3059 505 3117 Occidit.
519 3060 552 3114 ln
565 3059 675 3133 requie,
689 3058 816 3123 Christe,
829 3054 951 3127 benigne
964 3053 1039 3108 love!
1054 3052 1093 3123 (Ξ)

260 3193 458 3269 Rodbertus
475 3212 608 3288 autem,
627 3217 808 3268 successor
824 3194 912 3288 ejus,
933 3191 993 3262 illo
1011 3188 1215 3261 eruditione
1230 3185 1443 3258 litte-2·

1339 3338 1433 3360 ..ι-ι

293 3447 331 3521 (4)
347 3447 426 3503 Saint
443 3448 573 3520 Oswald,
590 3451 693 3523 e'veque
710 3448 744 3502 de
758 3448 921 3501 Worcester
938 3464 973 3500 en
989 3447 1055 3512 960,
1072 3443 1136 3516 puis
1147 3441 1432 3516 archevequaeme

259 3533 363 3590 d'Yorl
376 3554 410 3590 en
423 3538 489 3602 972,
506 3556 566 3591 sans
580 3555 714 3591 renoncer
726 3539 742 3590 a
754 3554 803 3590 son
814 3537 889 3608 siege
900 3533 1052 3607 episcopal,
1067 3540 1184 3586 mourut
1195 3530 1221 3585 le
1231 3533 1268 3589 28
1280 3520 1427 3585 fel-⁷⁴²

259 3621 333 3678 vrier
351 3626 417 3690 992,
437 3636 466 3679 et
486 3625 529 3680 lut
548 3628 658 3679 euterre
677 3625 744 3679 dans
763 3623 867 3698 l’eglise
883 3622 1074 3678 Nune-Dama
1092 3618 1128 3676 de
1145 3619 1419 3684 Worcestcr,“s

259 3711 328 3788 qn’il
337 3714 409 3767 avait
420 3711 503 3767 batie.
517 3714 617 3769 C'etait
632 3732 670 3768 un
681 3711 843 3785 tres-grand
856 3720 1016 3785 protectans
1029 3709 1078 3764 des
1091 3709 1200 3764 moines
1209 3731 1215 3761 :
1224 3692 1416 3762 Mars-5·-

261 3819 323 3855 mus
336 3801 529 3855 morracharum
541 3812 688 3872 patronus.
1225 3792 1226 3795 Ἴ
1435 3791 1436 3796 ’

247 3916 251 3925 «
296 3888 335 3961 (2)
348 3888 422 3941 Dans
434 3899 505 3942 cette
517 3890 656 3961 epitaphe,
669 3888 760 3944 l’abbe
769 3888 890 3943 Gontier
898 3886 936 3940 du
948 3886 1037 3954 Mans,
1048 3885 1142 3940 moine
1151 3882 1189 3938 de
1197 3881 1406 3954 l’sbbayae

260 3976 296 4031 de
307 3976 332 4031 la
344 3977 466 4044 Rataille,
481 3978 550 4031 n'est
563 3980 689 4050 presente
702 3996 757 4051 que
770 3995 878 4032 comme
890 3985 971 4050 ayant
983 3992 1018 4029 eu
1031 3974 1167 4046 vingt-six
1180 3990 1229 4029 ans
1242 3971 1399 4028 d’rdae

260 4065 457 4122 ministration.
472 4065 519 4122 On
532 4064 570 4120 lui
583 4085 617 4120 en
629 4067 751 4121 attribue
762 4064 920 4140 vingt-huit
931 4066 952 4136 (l
960 4063 1106 4134 08454443)
1118 4061 1188 4118 dans
1200 4059 1226 4117 lc
1234 4059 1391 4116 docuae

262 4163 404 4226 meatque
417 4172 488 4209 nous
500 4172 581 4208 avons
593 4152 654 4224 dejs
667 4154 731 4208 cite.
