2888 4934
283 415 301 473 2
539 413 727 476 HISTORIA
748 413 1056 476 ECCIIESIASTICI.
1236 368 1344 496 {1099}

281 545 432 643 litcrque
450 545 561 633 rexit,
589 568 634 617 eo
651 559 814 644 tempore
837 572 911 645 quo
934 547 1125 620 Ierusalem
1149 563 1252 645 capta
1277 563 1342 637 est,

283 663 403 732 Romae
416 660 610 757 aegrotavit,
626 675 674 751 et,
690 662 891 734 mercedem
905 688 925 734 a
940 667 1017 736 Deo
1033 679 1265 762 percepturus
1278 688 1345 762 pro

281 774 387 847 bonis
403 775 540 860 studiis,
558 775 688 875 quibus
703 779 862 875 apprime
880 779 1017 867 floruit,
1033 787 1082 850 1v⁰
1096 779 1267 851 kalendas
1284 804 1346 850 au·

281 892 372 988 gusti
385 918 427 964 ex
438 878 506 963 hac
518 894 589 965 vita
600 895 772 991 migravit.
789 896 898 992 Cujus
909 922 1019 995 opera
1033 922 1143 994 quam
1155 896 1345 969 laudabilia

280 1005 445 1097 inerunt,
476 1009 573 1080 nitor
592 1009 763 1093 etfama,
794 1035 873 1107 quae
904 1012 1156 1108 magnitudinis
1184 1036 1255 1083 sure
1281 1037 1346 1111 per

281 1121 406 1194 orbem
424 1121 493 1196 iate
512 1123 691 1222 divulgata
711 1141 807 1214 sunt,
828 1128 1056 1199 inimicorum
1069 1129 1175 1199 etiam
1190 1127 1346 1200 lamenta

280 1263 324 1309 eo
342 1238 511 1311 defuncto
529 1256 728 1314 contestata
740 1258 836 1315 sunt.
857 1248 980 1316 Petrus
998 1248 1069 1316 Leo
1085 1259 1154 1314 tres
1172 1243 1345 1340 elegiacos

279 1378 402 1425 versus
419 1380 525 1454 snper
539 1357 617 1455 ipso
636 1356 767 1447 edidit,
795 1373 828 1429 et
854 1361 1065 1430 memoriam
1092 1359 1168 1455 ejus
1191 1359 1346 1431 breviter

279 1470 330 1541 sic
347 1471 613 1544 commendavit
624 1474 679 1570 (t)
700 1502 707 1543 :

374 1629 559 1689 ¹Canonicnm
573 1632 685 1707 Remis,
696 1637 800 1693 ttrlerat
814 1636 982 1691 monachum
995 1634 1146 1691 Cinniacus
1160 1635 1307 1698 Odonem3

420 1723 510 1779 Roma
523 1734 616 1794 vocat,
629 1727 696 1782 iacit
709 1727 785 1781 hunc
798 1725 880 1783 Ostia
893 1723 1070 1780 Pontificem.

386 1812 517 1888 Cumque
530 1812 561 1870 fit
573 1813 707 1870 Urbanus
720 1825 828 1870 mutato
841 1815 955 1870 nomine
967 1813 1059 1887 Papa,

420 1900 563 1956 Redditur
574 1902 705 1975 expulsus
719 1907 829 1977 integer
842 1903 928 1960 Urbis
941 1902 1044 1959 honor.

384 1988 521 2064 Exequias
533 1990 619 2063 hujus
632 1992 755 2048 celebres
767 1995 815 2048 hic
829 1994 919 2049 Roma
933 1994 1060 2067 peregit,

419 2079 580 2150 Augustum
593 2090 694 2154 quarto
708 2081 893 2153 preveniente
907 2080 962 2136 die.

326 2222 421 2295 Alter
436 2247 582 2321 quoque
601 2224 748 2321 insignis
770 2221 990 2295 versificator
1010 2222 1145 2321 praesati
1163 2226 1266 2320 Papae
1287 2225 1341 2293 vi·

277 2351 368 2428 tam,
391 2363 510 2412 mores
527 2355 561 2410 et
580 2364 748 2411 occasum
767 2338 1021 2428 consideravit,
1041 2353 1077 2410 et
1093 2337 1178 2410 inde
1196 2362 1341 2410 carmen

276 2452 484 2553 hujusmodi
495 2457 777 2555 compaginavit:

382 2622 541 2678 Canonicus
554 2621 701 2678 Remensis
714 2621 795 2690 Odo,
808 2640 894 2696 quem
906 2621 1098 2678 Cluniaaensis

418 2713 504 2786 Hugo
515 2711 582 2766 iacit
594 2711 778 2780 monachum,
791 2712 867 2784 Papa
879 2711 910 2767 fit
924 2712 1052 2768 eximius.

383 2801 438 2856 Hic
449 2802 543 2856 vivens
553 2800 601 2855 lux
614 2798 704 2855 Urbis
717 2811 791 2868 erat,
805 2800 954 2855 defunctus
967 2799 1091 2872 eclipsis,

419 2888 495 2944 Urbs
506 2888 585 2945 stetit
596 2887 713 2944 Urbano
724 2898 832 2953 stante,
846 2899 945 2943 ruente
959 2888 1028 2944 ruit.

385 2977 457 3050 Lege
469 2994 569 3049 regens
581 2988 610 3033 et
623 2995 691 3050 pace
704 2977 816 3046 fovens,
832 2988 875 3044 to,
892 2976 997 3044 Roma,
1011 2976 1117 3044 beavit,

311 3183 351 3253 (t)
367 3179 407 3237 Ce
421 3180 491 3236 n’est
503 3182 585 3254 poInt
597 3180 624 3236 Ia
636 3183 790 3255 premiere,
805 3183 874 3237 maie
890 3181 917 3236 Ia
933 3182 1053 3236 seconde
1066 3182 1102 3238 de
1116 3198 1161 3235 ces
1178 3180 1340 3252 e'pitaphes,

276 3271 326 3347 qni
338 3281 382 3327 est
399 3269 434 3326 de
447 3268 545 3325 Pierre
558 3270 594 3325 de
608 3270 698 3338 Leon,
712 3270 859 3327 deuxieme
876 3270 916 3325 du
933 3287 1009 3324 noni.
1025 3268 1072 3325 On
1091 3269 1116 3323 Ia
1134 3278 1264 3323 trouvera
1280 3268 1342 3341 plus

276 3369 402 3415 correcte
419 3358 488 3414 dans
504 3358 531 3414 Ie
545 3368 621 3414 tome
634 3358 706 3414 VIII
724 3360 760 3415 de
778 3359 921 3415 I’Ilistoire
936 3358 1061 3412 lite'raire
1077 3355 1113 3410 de
1133 3356 1251 3412 Fmtce.
1268 3358 1343 3413 C'est

275 3447 346 3505 dans
363 3447 390 3503 Ia
409 3446 516 3507 maison
529 3447 566 3504 de
581 3467 615 3503 ce
632 3449 759 3521 puissant
776 3461 806 3504 et
822 3447 940 3521 opulent
956 3465 1142 3520 personnage,
1156 3464 1212 3520 qne
1225 3446 1252 3501 ie
1267 3446 1342 3520 Pape

275 3539 346 3595 erait
357 3556 429 3594 venu
443 3537 509 3592 finit·
520 3555 562 3592 ses
571 3537 663 3609 jours.
678 3536 821 3602 Urbanus,
826 3539 919 3611 finita
928 3536 1054 3592 Barensi
1063 3539 1092 3591 in
1101 3536 1209 3607 Apulia
1219 3534 1340 3610 syuodo,

276 3626 317 3682 ad
332 3627 435 3683 Urbem
452 3624 573 3688 rediens,
588 3629 664 3680 senio
681 3624 793 3680 demum
809 3634 837 3680 et
853 3628 1016 3700 infirmitate
1034 3634 1178 3698 gravatas,
1195 3643 1231 3680 ex
1248 3626 1343 3680 insula

281 3715 537 3770 Transtiberinam
550 3717 709 3785 proximam
727 3713 808 3768 Petri
819 3715 932 3781 Leonis,
950 3716 1011 3769 viri
1020 3712 1188 3769 nobilissimi
1201 3722 1229 3768 et
1240 3722 1341 3784 poten·

277 3805 390 3866 tissimi,
407 3803 468 3875 eiras
485 3804 582 3869 amici,
599 3800 729 3862 domam.
746 3801 882 3873 prasidio
901 3805 1130 3869 munitissimam,
1146 3821 1233 3874 prope
1251 3805 1344 3856 sancti

277 3891 393 3946 Nicolai
402 3889 491 3945 cedem
502 3909 621 3957 sacram,
632 3909 662 3943 se
674 3891 808 3952 contulit,·
819 3889 875 3958 ubi,
886 3889 921 3946 de
931 3892 1059 3946 Romana
1069 3890 1136 3946 sede
1147 3892 1248 3962 optime
1257 3892 1342 3944 nteri-

279 3990 334 4044 tus,
351 3990 390 4034 ιν0
404 3979 543 4035 kalendas
555 3983 679 4052 augusti,
694 3998 771 4033 anno
786 3982 865 4048 ⁴099,
880 3981 1027 4054 beatofiree
1041 3983 1154 4054 quievit.

312 4067 390 4122 Nous
403 4078 567 4123 trouverons
581 4067 616 4123 de
629 4067 790 4142 frequentes
804 4071 946 4125 occasions
962 4069 997 4124 de
1015 4069 1108 4141 parier
1121 4066 1156 4123 de
1175 4085 1206 4123 oe
1225 4083 1341 4141 person-

278 4175 348 4231 nage
360 4167 389 4212 et
401 4167 512 4211 surtout
523 4157 558 4211 de
573 4175 622 4211 sou
636 4155 687 4212 fils.
