2888 4934
191 430 398 515 [noo-not]
561 435 680 496 urana
699 431 884 495 necinus.
1191 436 1248 498 ιιι

182 565 295 665 jisua!
312 565 368 663 (t)
390 563 600 637 fiducialiter
613 565 793 638 vociferati
814 528 930 636 sunt?
934 564 1073 651 Quibus
1092 565 1249 639 claman-

178 670 285 756 'uuus
294 696 331 755 et
338 679 540 753 terribiliter
548 679 839 780 percutientibus,
850 677 1042 777 phalanges
1053 679 1249 755 Solimanni

188 795 455 870 vacillaverunt.
468 800 508 866 ln
519 797 674 868 exercitu
683 796 758 892 ejus
765 794 930 867 nonnulli
939 810 1040 869 erant
1046 796 1246 870 Christiani.

188 913 260 1001 Qui
274 937 360 985 cum
376 898 554 983 famosum
569 911 700 984 ducem
716 909 967 984 Buamundum
982 914 1246 1008 cognovissent,

187 1028 300 1126 gnisi
318 1041 420 1114 sunt,
445 1042 482 1100 et
503 1026 751 1099 solimannum
775 1025 1037 1123 relinquentes,
1060 1026 1250 1101 Catholicis

188 1141 423 1241 conglutinati
440 1157 536 1215 sunt.

234 1256 434 1346 llarciban,
452 1255 611 1354 turgidus
625 1254 850 1344 adolescens,
870 1256 1068 1329 solimanni
1083 1255 1191 1346 filius,
1211 1273 1251 1330 ut

188 1371 236 1443 usi
252 1396 331 1444 esse
343 1371 595 1444 Buamundum
607 1370 754 1460 audivit,
771 1369 871 1442 illum
885 1371 923 1441 in
939 1370 1034 1442 bello
1048 1395 1093 1443 ex
1104 1373 1250 1445 nomine

188 1486 420 1560 vociferando
436 1486 608 1585 quaesivit,
622 1500 755 1558 etcum
767 1484 895 1557 eodem
909 1484 1132 1582 singulariter
1144 1487 1249 1559 dimi·

189 1626 270 1675 care
285 1603 504 1701 concupivit.
520 1601 679 1674 Tandem
697 1602 735 1673 in
748 1600 953 1675 Dalinranni
967 1618 1161 1699 conspectu
1182 1604 1250 1676 sibi

189 1715 445 1806 obviaverunt,
467 1742 614 1814 seseque
631 1717 794 1788 ferociter
809 1732 1072 1814 percusserunt.
1096 1717 1250 1809 Sedbel·

188 1828 274 1929 liger
287 1835 518 1905 Normannus
528 1838 683 1904 Turcum
700 1831 902 1930 prostravit,
924 1845 960 1903 et
972 1812 1250 1905 abstracto'llnse

187 1962 296 2046 caput
317 1947 349 2019 ei
366 1949 576 2046 amputavit.
603 1948 829 2020 Vocilertmte
851 1946 1066 2020 Dalimanno
1087 1952 1245 2035 :Parce,

184 2085 307 2158 parce,
328 2087 438 2159 nepos
449 2087 547 2134 mem
555 2078 618 2149 est,
636 2061 857 2134 Christianos
873 2061 983 2160 pugil,
1001 2077 1040 2133 ut
1052 2087 1130 2133 rem
1142 2087 1250 2159 agno·

187 2179 247 2269 rit,
262 2178 431 2250 moestitia
447 2177 567 2250 vultus
582 2178 738 2249 laetitiam
749 2177 869 2250 cordis
885 2177 1039 2275 operuit,
1057 2193 1093 2250 et
1106 2177 1250 2250 subsan-

188 2293 310 2365 mndo
325 2293 372 2364 itu
382 2292 568 2391 respondit
582 2320 589 2364 :
605 2297 749 2391 Ignosce
764 2293 862 2380 milri,
880 2292 1033 2379 domne,
1046 2293 1141 2392 quod
1150 2297 1248 2393 egim-

188 2407 371 2504 mnsfeci.
390 2414 474 2480 Non
486 2411 581 2479 enim
593 2425 754 2507 nepotem
769 2424 879 2496 tuam,
892 2408 957 2480 sed
968 2410 1244 2508 hmtemputnvi,

185 2523 304 2622 sajus,
325 2539 364 2595 ut
382 2522 446 2594 uti
454 2523 652 2620 placerem,
673 2527 779 2596 vitam
795 2527 948 2597 extmm'.

231 2642 321 2711 Post
331 2639 482 2711 multam
491 2656 642 2737 stragem
659 2640 843 2736 utriusque
856 2640 978 2737 partis,
994 2641 1169 2711 exercitus
1184 2645 1248 2711 So·

187 2750 337 2826 limami
350 2754 526 2826 contritus
542 2769 607 2845 est,
621 2779 730 2851 quem
748 2754 941 2851 fugientem
958 2753 1096 2826 hostilis
1113 2778 1247 2826 cuneus

186 2881 262 2942 tota
280 2867 347 2941 uie
371 2884 579 2968 persecutus
601 2884 666 2942 est.
696 2870 888 2942 Christiani
911 2893 1011 2956 vero,
1041 2884 1080 2940 ut
1102 2883 1246 2967 pactum

187 2982 313 3076 herm,
323 2985 489 3082 pretim
498 2984 691 3070 redierunt,
704 2984 900 3081 heramque
907 3006 1022 3074 suam,
1032 2983 1246 3056 cumarcha·

188 3099 243 3171 riis
253 3099 311 3196 (ἢ)
324 3099 603 3197 prestolantem,
618 3115 702 3170 ante
716 3100 843 3170 turrim
854 3099 1080 3170 invenerunt.
1095 3103 1178 3171 Mox
1187 3099 1246 3172 illa

186 3213 392 3289 custodibus
399 3216 466 3288 ait:
479 3219 614 3287 Frarwi
619 3218 697 3286 sine
704 3213 807 3286 dachic
817 3214 1064 3312 legitumsunt,
1074 3213 1246 3314 fidemque

188 3333 401 3428 potamum
411 3336 542 3430 ophine
550 3329 761 3404 custodiunt.
784 3328 928 3402 obvtzm
941 3328 1013 3401 illis
1032 3332 1079 3401 ite
1084 3360 1099 3417 ,·
1115 3329 1160 3401 ab
1172 3330 1245 3402 illis

188 3471 289 3520 mma
304 3451 460 3545 recipite,
480 3465 519 3520 et
530 3445 668 3519 eosdem
680 3446 731 3518 ad
736 3448 934 3544 prieu'num
951 3446 1064 3517 Ιοοιιηι
1075 3444 1241 3535 mdzoeite,

188 3560 410 3661 dempster·
429 3589 527 3634 meus
544 3565 683 3634 veniens
702 3560 811 3660 ds'gno
827 3560 900 3633 illis
920 3587 993 3633 susa
1010 3560 1137 3633 reddat
1148 3586 1245 3659 prte-

190 3681 257 3749 ru'a
272 3679 420 3751 ezilinae.
440 3680 545 3750 'lumi
560 3703 646 3751 vero
666 3676 854 3769 abeuntes,
875 3678 1003 3776 puellae
1016 3678 1121 3773 jussis
1141 3677 1245 3750 obse·
1327 3704 1329 3710 ·

217 3903 257 3972 (l)
275 3900 345 3957 Dux
362 3918 410 3956 ιιι
431 3925 436 3955 2
456 3903 496 3956 cri
515 3900 550 3956 de
569 3919 669 3974 guerre
686 3899 734 3956 des
749 3897 922 3965 Normands‚
939 3917 993 3972 que
1011 3899 1152 3955 Bo'e'mond
1172 3903 1243 3958 avait
1360 3932 1374 3947 -·

191 3993 330 4058 mamare,
346 3991 419 4044 aussi
431 3989 496 4044 bien
506 4007 561 4062 que
574 3988 599 4043 le
611 3988 733 4062 drapeau
748 4005 835 4062 rouge
847 3986 895 4042 des
908 3986 1099 4043 Scandinaves.

220 4077 258 4150 (2)
277 4077 452 4143 Tremriers,
469 4076 597 4149 gordiens
609 4075 643 4130 de
657 4094 706 4130 son
720 4082 824 4142 tresor3
837 4095 868 4130 ce
883 4085 940 4130 mot
953 4075 1041 4148 parsit
1053 4073 1145 4150 plures
1156 4075 1242 4146 signi-

192 4160 234 4218 ler
247 4165 286 4219 ici
299 4164 339 4218 les
351 4164 463 4236 gardes,
478 4163 517 4218 les
529 4166 688 4238 concierges
698 4164 737 4219 du
753 4165 880 4220 chdtean.
