2888 4934
102 457 309 535 [1097-1099]
468 454 586 516 uttan
607 453 794 515 DECIMUS.
1118 457 1157 518 tt

100 588 352 686 pinguissimo,
371 587 418 660 de
434 611 544 662 manu
560 587 667 659 Moab
682 585 843 661 liberarit
860 586 984 674 lsrael,
1003 587 1160 661 claman-

101 718 154 775 tes
171 701 471 776 lamentabantur.
490 705 572 774 Haec
588 702 714 776 videns
729 726 829 775 sacer
843 701 1027 774 tusetmus
1043 703 1160 775 arehi-

100 820 305 919 episcopus,
320 818 425 892 valde
437 818 667 891 contristatus
682 832 753 911 est,
772 833 808 891 et
823 819 1000 916 oppressis
1016 843 1161 891 succur-

102 960 180 1008 rere
188 949 338 1008 conatus
346 947 411 1008 est.
422 938 544 1007 Murus
552 957 619 1032 pro
628 933 740 1006 domo
751 932 857 1006 Israel
866 948 992 1006 contra
1002 934 1160 1008 colentes

104 1049 237 1123 Baalim
252 1064 345 1123 stare
362 1049 500 1121 fortiter
516 1049 614 1121 uiam
629 1063 695 1122 cst.
714 1047 837 1138 Unde,
857 1073 922 1147 pro
938 1049 1163 1124 multimodis

102 1164 341 1239 Ecclesiamm
352 1165 616 1256 afflictionibus,
631 1190 696 1264 per
705 1163 827 1238 fideles
836 1164 971 1262 legatos
985 1190 1069 1238 cum
1080 1192 1163 1265 sup·

100 1280 255 1379 plicibus
271 1281 428 1380 epistolis
448 1304 569 1378 regem
585 1279 832 1379 interpellans,
851 1295 1068 1378 conquestus
1094 1296 1159 1353 est.

101 1395 185 1487 Sed,
205 1396 383 1468 obdurato
402 1394 525 1485 corde,
544 1420 605 1467 rex
616 1395 708 1468 male
722 1419 830 1468 sanus
839 1394 967 1467 humili
980 1394 1163 1468 didascalo

101 1534 177 1582 non
201 1513 343 1610 paruit3
370 1525 590 1610 quapropter
609 1510 669 1584 ille
688 1509 867 1583 licentiam
886 1511 995 1582 eundi
1012 1514 1164 1583 Romam

102 1625 147 1698 ab
168 1650 214 1698 co
234 1627 368 1724 petivit.
395 1631 527 1716 Porro,
549 1625 708 1699 tumidus
732 1626 897 1724 princeps
919 1629 1071 1698 Romam
1088 1628 1152 1723 qui

101 1741 187 1814 dem
203 1766 288 1814 euru
302 1742 401 1815 abire
415 1743 587 1840 permisit,
606 1743 670 1815 sed
690 1743 945 1814 Normanniam
960 1767 1006 1814 nc
1019 1744 1167 1815 intraret

101 1855 300 1954 prohibuit.
319 1855 413 1929 Heul
433 1883 544 1955 qnam
561 1855 752 1956 prophano
771 1871 912 1929 tumore
928 1871 1077 1930 cecatus
1092 1858 1164 1928 cito

102 1971 261 2043 ruiturus
280 1971 451 2069 desipuit,
476 1973 539 2069 qui
559 1972 625 2044 Dei
648 1994 790 2044 servum
815 1996 835 2044 a
857 1972 944 2044 facie
969 1970 1166 2067 tyrannidis

102 2110 172 2158 suae
189 2087 384 2183 fugientem
396 2087 519 2160 videre
534 2085 665 2160 noluit!
686 2091 803 2175 Quem
820 2088 1065 2186 postmodum,
1081 2088 1166 2185 quia

103 2203 212 2300 paulo
234 2219 317 2302 post
342 2207 418 2301 ipse
438 2228 529 2276 saeva
551 2219 668 2276 morte
686 2203 865 2302 collapsus
885 2218 958 2295 est,
979 2226 1165 2301 uunquam

102 2319 225 2392 ridere
254 2321 382 2419 potuit.
410 2319 642 2393 Venerandus
661 2345 747 2393 vero
774 2321 839 2408 vir,
858 2319 973 2416 jussui
995 2319 1166 2417 principis

103 2433 375 2531 obtemperans,
396 2458 460 2533 per
482 2433 668 2506 Boloniam
690 2436 872 2523 transivit,
891 2450 927 2505 et
948 2433 1166 2505 reverendos

103 2573 225 2620 secum
239 2549 374 2621 itineris
384 2549 535 2621 comites
552 2548 697 2621 habuit:
715 2548 927 2621 Balduiuum
942 2547 988 2620 de
1004 2552 1165 2618 Tornaco

105 2668 317 2736 Beccansem
333 2664 572 2752 monachum,
591 2680 626 2735 et
641 2664 933 2735 Cantuariensem
956 2662 1164 2752 Edmarum,

105 2781 251 2852 natione
270 2780 467 2877 anglicum,
484 2783 546 2878 qui
560 2782 668 2852 vitam
683 2780 844 2876 ejusdem
861 2780 969 2879 patris
981 2792 1104 2877 postea
1114 2776 1168 2849 di·

104 2894 254 2992 ligenter
267 2898 490 2994 conscripsit,
506 2898 551 2969 ad
564 2895 835 2970 aedificationem
847 2898 1060 2968 animarum.
1079 2900 1170 2967 Prte-

104 3012 196 3086 satus
206 3013 332 3109 pracsul
344 3038 456 3112 usque
468 3017 503 3087 in
516 3020 675 3114 Capuam
685 3014 824 3103 urbem,
840 3014 958 3086 uberis
968 3015 1168 3112 Campaniae
1248 2997 1251 3003 ¹

104 3127 454 3226 caput,laboriosum
463 3131 528 3202 iter
538 3131 703 3228 explevit,
713 3130 834 3228 ibique
845 3129 1028 3201 Urbanum
1036 3134 1168 3228 Papam

104 3242 259 3333 invenit3
278 3268 300 3314 a
317 3268 390 3341 quo
407 3242 607 3339 benigniter
626 3259 662 3316 et
682 3243 881 3316 honorifice
902 3259 1109 3342 susceptus,
1134 3245 1169 3315 ei

105 3382 250 3429 causam
265 3357 440 3431 adrentus
452 3361 506 3432 sui
516 3358 721 3430 declaravit.
738 3365 830 3457 Papa
843 3360 1011 3430 nimirum
1020 3357 1070 3428 ibi
1083 3373 1170 3430 tuuc

104 3475 305 3547 admodum
319 3491 514 3573 occupatus
531 3490 620 3563 erat,
641 3476 724 3571 quia
740 3480 943 3574 Capuaucs,
962 3476 1026 3572 qui
1043 3489 1171 3546 contra

108 3590 312 3681 Ricardum,
326 3592 524 3689 principem
538 3614 657 3681 suurn,
676 3591 822 3663 lordani
837 3591 965 3680 lilium,
979 3591 1174 3664 rebellare·
1267 3607 1272 3615 '

105 3721 206 3796 rant,
226 3706 345 3778 eidem
361 3706 549 3804 pacificare
566 3708 765 3802 satagebat3
786 3732 878 3804 quos
895 3707 992 3779 idem
1011 3707 1167 3802 juvenis,

105 3821 237 3893 auxilio
252 3836 289 3893 et
298 3822 523 3894 animositate
532 3823 671 3918 Rogerii
683 3824 797 3910 Senis,
812 3823 981 3896 avunculi
991 3826 1059 3911 sui,
1072 3825 1171 3896 Sicu·

105 3936 225 4008 lorum
236 3937 392 4026 comitis,
405 3938 450 4008 ad
463 3936 683 4010 deditionem
694 3938 922 4036 pertinaciter
931 3938 1167 4036 compulerat.

106 4048 337 4122 deserendus
351 4050 471 4147 itaque
489 4076 595 4123 senex
616 4052 708 4122 inter
727 4050 844 4138 italos,
865 4051 910 4123 de
929 4076 1086 4149 quornm
1103 4055 1172 4123 ori·

106 4165 188 4260 gine
207 4180 426 4264 propagatus
442 4165 577 4255 suerat,
596 4166 751 4263 aliasque
770 4183 912 4262 gentes,
933 4166 1007 4239 fere
1026 4167 1172 4245 biennio
