3140 5076
363 454 423 516 368
633 453 817 518 HISTORIA
838 455 1145 519 scetuslmtlcs.
1210 463 1303 538 [serr.
1325 465 1415 540 1119]

362 610 423 658 ros
440 583 588 658 athletas
603 610 645 658 ea
661 586 720 660 die
736 587 881 686 dejecit,
904 606 955 683 et,
976 589 1201 690 praecipitatis
1221 591 1414 690 equitibus,

361 725 474 798 equos
489 724 613 772 eorum
630 703 734 775 sociis
750 703 991 801 indigentibus
1004 705 1148 803 largiter
1163 705 1329 798 donavit,
1348 709 1417 780 sic·

360 841 431 914 que
445 815 587 888 militari
603 817 779 915 probitate
795 821 888 892 inter
903 822 1100 919 praecipuos
1116 820 1253 919 pugiles
1269 847 1338 922 per
1355 847 1417 894 sae·

360 932 439 1004 cula
454 932 590 1004 laudari
608 937 818 1033 promeruit.

408 1047 560 1121 Pulcher
576 1064 612 1121 et
627 1049 860 1148 probissimus
876 1050 1056 1125 Flandrita
1076 1051 1267 1125 liudulfum
1289 1053 1418 1125 Rufum

358 1178 394 1236 et
406 1163 601 1237 Lucamde
617 1167 725 1238 Barra
739 1165 770 1262 (l
781 1166 808 1262 ),
824 1165 983 1264 aliosque
1000 1180 1165 1239 strenuos
1181 1169 1318 1265 equites
1333 1193 1417 1267 pro-

358 1278 497 1369 stravit,
516 1292 552 1351 et
569 1277 730 1351 abductis
746 1303 874 1351 eorum
889 1280 990 1376 equis
1006 1295 1212 1377 arroganter
1228 1281 1416 1370 intumuit,

358 1419 425 1466 nec
441 1395 599 1484 vicinum
616 1394 683 1466 sibi
704 1395 803 1466 triste
824 1395 934 1466 latum
954 1393 1081 1467 callide
1098 1397 1277 1495 precavit.
1298 1397 1418 1468 luvic-

357 1523 434 1581 tum
443 1510 624 1582 Britonem
635 1510 704 1608 (2),
721 1525 760 1581 ut
770 1512 976 1609 quempiam
991 1509 1183 1610 plebeium,
1196 1511 1303 1584 solito
1318 1535 1419 1584 more

358 1627 529 1716 occurrit,
548 1642 584 1698 et
599 1651 684 1698 mox
700 1625 745 1698 ab
762 1650 806 1698 eo
823 1624 999 1698 lethaliter
1014 1650 1202 1724 percussus
1216 1625 1365 1716 cecidit,
1385 1642 1419 1698 et

356 1764 480 1814 coram
499 1742 620 1815 multis
638 1758 781 1842 captus,
807 1756 890 1842 post
908 1769 955 1814 xv
974 1742 1051 1816 dies
1071 1744 1109 1815 in
1125 1767 1267 1817 carcere
1285 1743 1417 1816 Britolii

357 1857 541 1955 expiravit.

405 1973 478 2044 Rex
485 1971 679 2071 Anglorum
692 1972 803 2048 filium
814 1999 933 2066 suum,
946 1972 1149 2067 Ricardum,
1161 1974 1325 2072 aliosque
1332 1996 1417 2072 prae·

355 2109 517 2160 cursores
534 2112 618 2161 suos
634 2104 775 2162 secutus
792 2103 845 2161 cst
863 2113 946 2162 cum
964 2089 1100 2186 ingenti
1118 2103 1275 2178 caterva,
1295 2087 1416 2161 denuo

355 2219 576 2300 pugnaturus
591 2220 718 2278 contra
734 2211 953 2277 Francorum
968 2202 1092 2294 millia,
1103 2205 1139 2275 si
1152 2203 1341 2302 reperisset
1357 2225 1417 2274 eos

355 2316 391 2386 in
419 2330 513 2390 terra
539 2344 613 2392 sua.
642 2325 777 2393 Verum
803 2321 887 2419 ipsi,
912 2320 973 2417 qui
1000 2319 1109 2416 longa
1135 2318 1328 2391 obsidione
1352 2317 1417 2390 rati

354 2443 437 2501 sunt
464 2433 640 2531 oppidum
669 2433 851 2526 obtinere,
878 2433 1004 2506 eadem
1029 2433 1107 2526 die,
1139 2431 1321 2526 frustratu,
1346 2455 1417 2530 qua

355 2546 486 2644 turgidi
502 2562 685 2636 venerant,
704 2572 780 2646 spe,
797 2571 881 2620 cum
897 2549 1093 2645 ignominia
1111 2562 1146 2622 et
1162 2547 1275 2647 plagis
1287 2547 1326 2618 in
1338 2546 1417 2618 Gal·

353 2660 438 2735 liam
449 2663 627 2761 compulsi
635 2663 784 2736 rediere.
801 2663 1011 2736 Sacerdotes
1024 2687 1168 2761 quoque
1174 2664 1271 2759 justo
1279 2661 1416 2759 judicio

353 2779 450 2850 Deus
475 2778 647 2875 inglorios
669 2778 829 2870 reduxit,
860 2793 1036 2870 tremore,
1064 2778 1224 2868 damnis,
1254 2777 1355 2848 luctu
1383 2791 1416 2850 et

353 2893 564 2966 confusione
586 2892 760 2993 perfudit,
784 2893 847 2990 qui
869 2917 967 2965 sacra
989 2892 1087 2982 loca,
1107 2915 1186 2990 quae
1205 2889 1417 2963 sacerdotali

353 3029 503 3084 censura
517 3007 725 3081 debuissent
740 3008 968 3106 praemunire,
984 3006 1135 3106 spurcis,
1151 3005 1337 3103 avidisque
1352 3028 1415 3076 ne·

352 3120 546 3196 bulonibus
562 3121 790 3221 impudenter
807 3119 1087 3194 contaminanda
1106 3119 1297 3192 tradidere.

401 3241 499 3310 Tunc
521 3237 732 3310 Guillelmus
753 3236 802 3309 de
823 3235 1047 3308 Calvimonte
1070 3233 1145 3332 (3),
1174 3258 1284 3331 gener
1303 3233 1413 3332 regis,

387 3559 426 3630 (1)
444 3559 516 3626 Luc,
534 3559 663 3633 seigneur
675 3556 711 3613 de
728 3557 754 3612 lc
768 3556 854 3612 llsrre
864 3575 901 3612 en
913 3556 1025 3614 Oucbe.
1043 3558 1121 3615 Nous
1133 3575 1248 3614 verrom
1264 3555 1376 3614 bientbt
1389 3555 1414 3610 le

354 3649 397 3703 roi
409 3647 498 3702 Henri
513 3646 583 3702 faire
598 3663 692 3701 crerer
709 3645 748 3700 les
763 3663 835 3717 yeux
849 3647 908 3700 tce
925 3648 1052 3719 guerrier
1066 3647 1211 3712 troarne,
1230 3663 1304 3720 pour
1321 3644 1414 3700 l’avoir

353 3737 514 3792 chausonne
526 3734 594 3790 dans
608 3752 650 3790 ses
662 3733 861 3807 compositione
874 3735 1029 3808 satiriqucs.

389 3827 428 3897 (2)
447 3825 523 3880 biset
539 3847 544 3878 :
559 3825 666 3880 Invicto
680 3823 802 3879 Britom'.

389 3914 427 3990 (3)
444 3915 525 3970 Cette
538 3911 652 3966 alliance
665 3910 700 3966 de
710 3910 872 3968 Guillsume
884 3909 920 3965 de
930 3909 1102 3976 Chanmont,
1112 3907 1271 3982 lougtemps
1282 3907 1413 3982 regardee

353 4020 462 4063 comme
474 4001 622 4064 donicum,
643 4015 671 4052 sc
685 4007 783 4054 nonve
799 3997 970 4073 pleinemeut
981 3997 1132 4052 confir-mee
1146 4015 1197 4070 par
1210 4013 1249 4052 un
1263 3995 1413 4052 document

353 4095 392 4152 dn
410 4092 558 4150 cartulaire
574 4089 610 4144 de
627 4087 792 4144 saint-Pero
808 4088 843 4143 de
860 4087 1009 4156 Chartres,
1026 4087 1090 4161 qu’s
1108 4086 1203 4160 public
1219 4096 1301 4142 notre
1322 4097 1413 4142 urant

353 4186 479 4242 conitere
490 4193 519 4238 et
530 4181 596 4248 arni,
611 4179 648 4233 Μ.
661 4174 792 4232 Gue'rard
806 4177 841 4248 (t.
855 4176 892 4244 11,
905 4196 935 4250 p.
948 4179 1026 4247 610).
1038 4176 1120 4232 Cette
1130 4176 1208 4248 pidre
1219 4186 1301 4249 porte
1312 4175 1338 4232 la
1350 4173 1411 4231 date
