2888 4934
284 399 344 461 us
421 462 425 467 ,
559 394 742 456 nnsonn
765 392 1070 456 uectusnsmcn.
1234 396 1342 473 [nu]

343 451 362 487 l

280 554 342 600 eus
356 546 391 601 et
405 529 575 600 dommm
591 532 821 599 incurremus.
843 533 932 599 Eece
951 526 1028 600 Odo
1047 525 1246 625 Borleugw
1263 553 1342 599 curn

280 649 353 718 suis
368 645 563 733 descendit,·
582 649 702 716 scitote
720 646 806 742 quio
824 667 995 739 superare
1006 645 1242 739 pertinaciter
1257 669 1341 715 cou-

283 760 406 832 tendit.
419 760 611 833 Bellioosus
620 785 733 857 eques,
743 759 826 857 jorn
836 783 916 867 eum
924 760 999 829 suis
1003 755 1110 856 pedes
1110 756 1253 853 focum,
1271 783 1343 830 uon

270 875 402 974 fugiet,
423 875 487 948 sed
501 877 671 946 morietur
688 889 754 945 out
769 876 888 945 vincet.
909 874 1032 945 Caeteri
1047 897 1134 946 vero
1149 871 1340 945 dixerunt:

281 993 497 1090 Nonmjom
509 990 644 1062 murm
658 994 696 1061 iu
701 990 860 1087 planicie
872 990 1001 1089 Anglis
1011 989 1152 1061 obtime
1164 989 1344 1061 desidero·

282 1109 417 1177 vimus?
443 1111 500 1177 lt'n
521 1105 662 1177 adsunt.
687 1109 902 1203 Pugnemus,
930 1130 974 1175 ue
996 1107 1108 1201 turpis
1121 1102 1222 1203 sugo
1245 1103 1344 1177 uobis

281 1225 539 1319 improperetur
555 1238 591 1292 et
608 1223 739 1291 nostris
753 1219 946 1292 heredibus.
969 1226 1058 1291 lt'ece
1080 1220 1253 1292 militaris
1265 1222 1344 1312 flor

281 1341 387 1409 totius
414 1336 541 1409 Golliee
570 1353 606 1406 et
634 1339 867 1408 Normooniee
894 1337 951 1407 lu'c
978 1338 1150 1407 consistit.
1184 1339 1237 1406 Et
1267 1338 1344 1433 quir

280 1450 419 1523 obstare
434 1451 532 1524 uobis
542 1453 700 1549 poterit?
716 1450 818 1522 Absit
832 1468 873 1522 ut
886 1451 949 1523 lios
965 1477 1140 1550 pagenses
1160 1466 1199 1520 et
1216 1475 1344 1550 grego·

281 1568 354 1637 rios
373 1565 460 1638 adeo
480 1584 692 1653 metuamus,
717 1583 757 1637 ut
770 1591 842 1663 pro
865 1565 938 1636 illis
958 1567 1086 1637 collem
1103 1564 1339 1650 divertamus,

242 1728 250 1749 .
279 1697 344 1752 out
369 1709 449 1753 curn
481 1686 566 1780 ipsis
590 1684 757 1781 prelium
778 1680 993 1754 decbitemus'
1022 1684 1121 1755 Acies
1149 1707 1238 1778 ergo
1264 1705 1345 1754 suas

242 1836 260 1952 l
242 1768 547 1871 ordinaverunt
585 1804 625 1871 ln
660 1799 782 1897 primis
816 1798 1063 1870 Gualerannus
1098 1823 1223 1870 comes
1260 1821 1344 1869 cum

280 1940 325 1985 un
341 1915 513 1987 militibus
531 1915 579 1988 ad
598 1940 661 1988 eos
678 1938 870 2013 properare
886 1914 1017 2006 voluit,
1038 1913 1101 1986 sed
1118 1938 1139 1987 a
1157 1914 1344 2010 sagittariis

279 2054 394 2126 equus
414 2031 506 2103 illius
526 2030 594 2102 sub
617 2055 661 2102 eo
680 2031 856 2101 sauciatus
876 2027 1014 2100 cecidit.
1044 2030 1082 2100 ln
1108 2029 1228 2127 prima
1248 2028 1343 2099 enim

280 2144 397 2216 fronte
419 2172 464 2217 xn
481 2146 742 2219 architenentes
765 2143 922 2217 caballos
943 2143 1171 2235 occidenmt,
1191 2159 1230 2216 et
1245 2158 1344 2216 aute-

279 2260 389 2357 quam
402 2260 505 2333 scrire
517 2277 663 2360 possent
675 2261 802 2358 dejecti
815 2275 910 2334 sunt.
931 2262 1111 2332 Comitum
1124 2260 1249 2358 itaque
1263 2284 1343 2357 pens

277 2375 350 2447 cito
367 2377 519 2447 contrite
536 2391 571 2448 et
591 2379 628 2448 in
647 2377 768 2474 fugam
784 2399 977 2468 conversa,
997 2398 1096 2447 arma
1111 2389 1149 2447 et
1165 2398 1343 2472 quoecum-

279 2514 350 2588 que
368 2491 568 2564 onerabant
579 2492 735 2589 reliquit,
751 2505 787 2563 et
800 2492 963 2589 quisque,
980 2504 1088 2589 prout
1103 2491 1238 2588 potuit,
1254 2489 1342 2584 fuge

279 2609 443 2709 presidio
466 2610 616 2682 salutem
632 2634 735 2682 suam
753 2609 892 2680 tutavit.
913 2607 968 2679 Ibi
988 2622 1073 2679 tunc
1093 2606 1343 2680 Gualemnnus

279 2725 425 2818 consul,
455 2740 491 2798 et
517 2726 591 2799 duo
621 2732 806 2821 Hugones,
835 2725 961 2797 sororii
990 2725 1088 2820 ejus,
1119 2725 1244 2795 etalii
1272 2724 1342 2796 fere

279 2865 373 2910 cxxx
386 2840 513 2912 milites
523 2841 618 2938 capti
632 2855 729 2932 sunt,
745 2841 831 2911 etin
845 2863 986 2911 carcere
997 2838 1101 2934 regiS,
1116 2839 1236 2910 tenaci
1249 2862 1342 2908 nexu

278 2956 478 3048 constricti,
500 2957 710 3028 temeritatis
730 2980 803 3027 suae
829 2979 955 3052 poenas
978 2953 1041 3025 diu
1063 2951 1342 3049 lacrymabiliter

278 3069 433 3145 luerunt.

328 3187 537 3260 Guillelmus
554 3187 600 3259 de
613 3186 869 3260 Grandi-Corte
882 3186 949 3283 (t),
967 3184 1059 3256 filius
1073 3183 1256 3255 Guillelmi
1271 3187 1342 3254 Au·

279 3301 392 3370 oensis
409 3302 565 3394 comitis,
591 3301 637 3374 de
657 3301 789 3374 familia
806 3302 896 3398 regis
914 3298 1052 3399 probus
1067 3321 1195 3395 eques,
1219 3300 1257 3368 in
1274 3297 1343 3368 hoe

279 3416 486 3523 pugnafuit,
499 3418 756 3490 etAmalricnm
768 3418 960 3513 fugientem
972 3412 1259 3512 comprehendit.
1271 3410 1343 3483 Sed

279 3526 359 3600 viro
371 3541 477 3602 tcntoe
492 3533 708 3604 strenuitatis
720 3532 880 3604 humana
896 3530 1120 3603 miseratione
1134 3526 1340 3617 condoluit,

481 3874 528 3917 'm
536 3854 576 3913 de
585 3855 768 3917 Gnndoeuu
778 3863 857 3936 (pres
869 3861 935 3933 Eu),
948 3859 1049 3917 moond
1062 3859 1106 3916 fils
1116 3860 1152 3915 de
1162 3859 1341 3926 Guitiaume,

535 3942 622 4000 ti’uuo
641 3961 716 4000 soeun
735 3949 771 4004 de
789 3951 905 4025 Hugue,
927 3960 1018 4005 comte
1032 3949 1068 4005 de
1084 3950 1216 4006 chester.
1234 3949 1289 4004 Sur
1304 3947 1342 4002 les

532 4029 789 4104 *deGmudcourt,
804 4037 1098 4096 descendusdeRaoul
1115 4036 1339 4109 Qui-nonomen

556 4120 633 4177 nette
642 4116 680 4175 de
692 4118 816 4196 t‘abbaye
827 4127 865 4180 du
877 4128 1008 4200 Tse'port.
