2888 4934
187 446 295 522 [1100]
554 439 673 502 arnna
693 439 880 502 oncruns.
1209 443 1245 502 u

237 577 330 645 Xlll.
350 577 450 644 Tunc
466 573 560 645 circa
577 573 790 675 Rogationes
804 571 859 668 (t)
872 569 1031 668 lugubris
1047 586 1196 645 eventus
1211 573 1249 646 in

187 693 465 762 Nova-Forentat
471 686 675 786 2)coutigit.
682 688 870 784 Dumregr'i
879 686 1007 759 milites
1016 704 1146 760 venatu
1155 714 1252 762 exer·

188 820 371 894 ceremur,
388 819 424 876 et
439 802 602 876 damulas
616 804 673 877 vel
687 827 812 875 cervos
827 802 1013 902 catapultis
1025 803 1079 901 (3)
1094 806 1251 879 sauciare

189 920 418 1009 molirentur,
435 919 583 1016 quidam
594 919 694 990 miles
703 918 884 1015 sagittam,
901 932 940 989 ut
950 933 1125 1014 agrestem
1141 919 1253 992 feram

188 1036 415 1125 vulneraret,
434 1035 569 1123 emisit,
588 1034 840 1132 egregiumque
852 1033 1023 1129 juvenem
1041 1034 1251 1126 Ricardum,

191 1151 366 1224 liodberti
391 1150 493 1223 ducis
520 1150 653 1238 filium,
680 1174 764 1222 casu
795 1149 981 1247 percussit.
1009 1150 1080 1236 Qui
1107 1165 1255 1248 repente

192 1282 359 1340 mortuus
379 1268 533 1357 corruit,
558 1281 593 1338 et
618 1266 743 1362 ingens
771 1265 887 1335 luctus
923 1260 1043 1335 multis
1069 1262 1153 1336 inde
1174 1264 1252 1338 tuit.

193 1387 330 1480 Eques,
350 1380 549 1452 infortunio
566 1381 666 1477 gravi
683 1380 842 1467 territus,
856 1377 907 1472 ¹ad
920 1381 1091 1450 Sanctum
1105 1383 1256 1451 Pancra-

192 1501 284 1571 tium
293 1498 349 1594 (li)
362 1498 480 1569 statim
490 1497 663 1594 confugit,
682 1495 803 1593 ibique
820 1520 905 1566 mox
921 1494 1120 1567 monachus
1130 1494 1255 1585 factus,

191 1614 375 1709 geminam
403 1612 578 1684 ultionem
605 1613 654 1684 ita
680 1611 804 1683 evasit.
834 1613 984 1681 Reatum
1018 1611 1114 1682 enim
1140 1608 1259 1682 homi·

191 1728 277 1800 cidii
302 1753 367 1826 per
385 1729 654 1827 poenitentiam,
671 1740 899 1824 contemptor
918 1725 1064 1815 mundi,
1090 1726 1256 1823 expiavit,

193 1855 230 1914 et
243 1843 453 1915 malivolum
474 1867 663 1915 rancorem
685 1855 876 1940 parentum
894 1855 930 1912 et
955 1841 1154 1911 amicorum
1169 1864 1260 1941 prae·

194 1956 282 2029 clari
296 1959 424 2029 tironis
437 1958 492 2056 (5)
505 1958 708 2030 declinavit.
724 1956 825 2028 Multi
838 1956 986 2055 praelato
1003 1957 1107 2028 militi
1119 1957 1263 2055 praecel·

194 2096 272 2144 sam
289 2073 492 2146 felicitatem
508 2075 680 2172 auspicati
696 2073 750 2170 (6)
765 2087 869 2164 sunt,
888 2071 952 2144 sed
969 2072 1151 2161 homines,
1168 2077 1262 2170 Rege

194 2187 356 2261 Sabaoth
382 2188 437 2284 (7)
463 2187 566 2260 aliter
593 2188 844 2289 dispensante,
875 2186 1004 2259 crebro
1033 2187 1203 2260 falluntur
1227 2207 1262 2262 et

194 2303 336 2394 fallunt,
353 2304 539 2400 quoniam,
554 2304 763 2400 ignorantiae
774 2302 931 2376 tenebris
949 2302 1180 2395 obnubilatae,
1200 2330 1261 2376 co·

195 2421 388 2518 gitationes
404 2418 594 2492 hominum
610 2446 710 2493 vanae
727 2435 824 2493 sunt.

243 2539 302 2606 De
326 2534 462 2633 praesati
486 2535 614 2607 tironis
640 2538 778 2632 origine
803 2535 890 2608 libet
912 2559 1108 2636 parumper
1129 2537 1260 2608 dicere.

197 2653 295 2722 Dum
311 2649 515 2723 Radbertus
531 2650 604 2722 dux
617 2652 655 2722 in
669 2651 907 2724 adolescentia
923 2652 1051 2725 stolide
1065 2651 1120 2748 (8)
1137 2665 1264 2724 contra

194 2779 339 2866 patrem
370 2790 476 2838 suum
512 2765 738 2857 rebellasset,
774 2783 809 2840 et
842 2792 926 2841 cum
960 2790 1089 2863 magna
1123 2765 1264 2864 praedo-

195 2905 288 2954 num
297 2880 355 2977 (9)
370 2904 478 2951 manu
492 2881 640 2954 extorris
648 2882 679 2978 (l
690 2881 728 2977 0)
739 2883 940 2954 Neustriam
953 2881 1081 2979 praedis
1095 2896 1130 2954 et
1143 2879 1263 2954 multis

231 3205 274 3274 (l)
293 3205 332 3258 la
344 3206 467 3278 premier
474 3206 541 3277 jour
555 3203 603 3259 des
616 3204 770 3278 Rogations
782 3205 851 3259 e'tait
864 3204 890 3259 le
903 3204 982 3259 lundi
994 3207 1012 3262 'i
1025 3209 1091 3261 mai.

234 3295 276 3367 (2)
295 3293 350 3348 Sur
363 3303 436 3349 cette
450 3292 535 3359 foret,
551 3311 633 3366 voyez
648 3292 805 3364 cidessus,
819 3304 842 3348 t.
855 3293 894 3363 11,
910 3312 940 3364 p.
955 3297 1018 3351 39l.

233 3381 275 3456 (3)
296 3383 409 3456 Sagitta
408 3381 513 3456 ferrea
524 3392 551 3437 et
563 3381 687 3445 banuta,
698 3382 854 3456 quavulgo
866 3384 1011 3455 catapulta
1020 3381 1078 3435 dici
1088 3384 1167 3437 solet.
1180 3382 1262 3453 (Vita

198 3474 293 3528 sancti
304 3473 448 3544 Murrani.)
461 3471 498 3527 La
513 3471 589 3544 glosa
601 3470 695 3526 donne
709 3489 781 3544 pour
794 3489 963 3546 synonyme:
978 3473 1101 3544 sagittis.

232 3564 275 3635 (l)
292 3562 527 3619 Saint-Pancraoe
539 3559 575 3615 de
591 3561 694 3617 Leues
709 3562 818 3634 Voyez,
831 3563 857 3616 ci
873 3560 983 3626 densus,
998 3569 1019 3614 t.
1033 3558 1091 3625 111,
1106 3578 1133 3632 p.
1147 3560 1209 3615 3⁴7.
1226 3560 1263 3613 Le

199 3653 318 3709 Prieure
331 3650 476 3707 Normand
487 3650 522 3705 dc
534 3649 868 3706 mortemer-surannae
880 3668 915 3704 eu
927 3646 1062 3722 dependit
1074 3647 1137 3721 plus
1147 3646 1222 3705 tard.

234 3745 278 3809 (5)
296 3740 341 3794 Gl.
359 3741 430 3795 int-2
448 3740 553 3795 militis.

171 3842 176 3851 '
233 3833 276 3901 (6)
293 3828 344 3885 Gl.
357 3828 409 3883 int.
422 3853 427 3881 :
443 3825 570 3881 divinati.

233 3920 276 3989 (Ἰ)
294 3917 343 3972 Gl.
359 3918 411 3970 int.
425 3918 627 3970 :exercituum

234 4009 278 4077 (8)
295 4005 345 4061 Gt.
358 4006 411 4061 int.
426 4028 431 4057 ι
446 4005 539 4058 stulte.

235 4095 277 4162 (9)
295 4091 344 4146 Gl.
359 4093 410 4147 int.
426 4115 431 4144 :
448 4092 600 4147 latronum.

234 4182 294 4255 (40)
313 4180 364 4238 Gt
373 4180 427 4236 int.
440 4204 446 4234 :
460 4179 497 4234 ab
511 4189 670 4253 extorqueo,
682 4188 840 4249 extorques.
852 4175 932 4232 Cette
945 4176 1054 4249 origine
1067 4184 1109 4229 est
1120 4176 1245 4229 erronee.

275 4294 326 4342 rr.
1109 4267 1132 4337 6
