2888 4934
189 419 397 503 [noo-1104]
554 419 672 480 nrum
693 419 877 480 necinus.
1183 423 1240 482 rsa

187 558 286 626 'lune
302 551 521 641 Tancredus,
541 552 707 650 princeps
727 550 876 640 militiae,
898 551 1026 624 milites
1045 566 1079 623 et
1096 553 1243 649 gentiles

187 670 359 767 captivos,
374 668 537 766 protinus
550 667 664 738 missis
682 666 916 756 exasson'bus,
939 666 1093 763 collegit,
1112 682 1147 739 et
1160 693 1243 740 oon·

188 784 351 883 gregi'tos
363 782 571 881 supradictis
578 781 785 870 baronibus,
800 797 838 853 ut
849 806 911 853 eos
922 782 1175 871 conducerent,
1187 783 1245 856 de·

188 902 336 1002 putavit.
350 903 449 971 Tunc
460 899 616 983 (aniani
629 898 701 969 lilia
713 897 893 970 admiralii
902 899 1095 970 Antiocbiae
1107 899 1245 971 reddita

189 1033 252 1107 est,
272 1039 353 1114 quae
369 1039 452 1086 cum
468 1010 584 1085 multo
593 1013 733 1111 ploratu
749 1014 795 1084 de
812 1037 952 1084 carcere
967 1012 1246 1084 Christianorum

188 1146 344 1204 extracta
357 1143 421 1201 est.
441 1133 541 1218 Quae,
560 1154 642 1200 cum
659 1131 935 1225 interrogaretur
947 1153 1056 1224 qnare
1071 1130 1118 1199 ita
1131 1127 1244 1216 fleret,

189 1244 374 1346 respondit
390 1244 489 1341 quod
506 1243 590 1316 ideo
602 1247 652 1316 sie
670 1244 842 1342 ploraret,
861 1244 944 1341 quia
958 1245 1131 1341 optimam
1147 1244 1247 1342 porci

189 1384 347 1450 mrnem,
367 1385 438 1458 qua
452 1359 640 1431 Christiani
653 1373 813 1446 utuntur,
829 1359 1085 1431 manducatura
1103 1383 1176 1431 non
1199 1385 1248 1431 es·

191 1490 254 1549 eet.
282 1475 386 1546 Torci
413 1475 508 1546 enim
532 1490 571 1545 et·
589 1473 708 1572 plures
729 1473 805 1546 aliae
829 1477 1103 1546 Sarracenorum
1128 1489 1249 1571 gentes

191 1590 330 1663 suillam
346 1614 490 1661 carnem
502 1589 709 1677 abhorrent,
724 1590 885 1686 quamvis
894 1615 1025 1661 eanum
1035 1605 1070 1660 et
1081 1589 1248 1687 luporum

192 1728 317 1778 carnes
341 1705 445 1803 aride
470 1705 654 1777 devorent.
682 1709 725 1776 Et
745 1706 796 1776 sic
818 1704 1015 1802 probantur
1033 1704 1132 1802 quod
1150 1706 1250 1776 omni

192 1818 265 1917 lege
275 1818 439 1931 Monet
453 1819 583 1891 Christi
597 1835 731 1910 carent,
744 1844 812 1891 nec
828 1819 957 1891 ludaeis
966 1844 1032 1891 nec
1046 1819 1251 1891 Christianis

190 1934 402 2031 adhaerem(
431 1933 456 2031 ).

237 2055 380 2125 interea
400 2051 632 2123 Bnamundus
654 2052 857 2150 frequenter
872 2077 955 2123 cum
972 2050 1185 2122 Dalimanno
1202 2049 1251 2121 lo·

192 2169 381 2267 quebatttr,
399 2183 435 2241 et
455 2169 653 2260 affabiliter,
678 2186 716 2242 ut
738 2185 814 2242 erat
835 2171 975 2268 sapiens
994 2183 1028 2241 et
1051 2168 1248 2256 modestus,

192 2285 223 2356 ei
248 2283 510 2376 famulabatur,
545 2299 581 2356 et
606 2310 673 2383 pro
702 2286 883 2383 refrigerio
913 2285 1129 2372 multorum,
1160 2306 1252 2379 qnos

192 2398 289 2473 idem
299 2415 474 2497 tyrannus
490 2402 596 2475 nimis
607 2404 810 2502 opprimere
826 2418 979 2503 poterat,
998 2402 1254 2474 convenienter

193 2514 417 2588 adulabatur.
441 2517 630 2614 Obsequiis
653 2533 688 2589 et
710 2518 872 2591 dulcibus
890 2519 1008 2591 verbis
1025 2532 1098 2589 tam
1115 2517 1250 2614 ipsum,

193 2654 302 2729 quam
331 2654 457 2702 omnes
484 2633 646 2728 quicum
668 2634 746 2732 ipso
773 2650 891 2725 erant,
918 2633 1099 2721 delinivit,
1120 2647 1156 2703 et
1174 2654 1252 2701 mo·

194 2745 300 2819 destae
316 2748 597 2819 conversationis
613 2747 799 2822 sedulitate
812 2750 858 2822 ad
877 2751 931 2822 sui
947 2774 1107 2823 amorem
1130 2746 1249 2818 illexit.

195 2859 368 2933 Paulatim
392 2861 627 2959 provinciales
652 2863 786 2935 tribuni
810 2880 844 2936 et
865 2865 1055 2963 optimates
1078 2860 1252 2957 cognitio-

196 3000 279 3048 nem
290 2977 378 3049 novi
391 2979 542 3049 rectoris
555 2977 774 3069 ediscebant,
790 2996 826 3051 et
841 2994 1025 3051 externum
1038 2976 1251 3075 principem,

195 3093 338 3187 genuini
354 3093 523 3196 principis
538 3096 593 3164 sui
609 3093 812 3182 dominum,
833 3093 1008 3192 speculari
1024 3116 1254 3193 summopere

226 3346 266 3416 (t)
280 3346 375 3401 Toute
387 3358 459 3402 cette
471 3349 629 3405 historiette
641 3349 676 3405 de
691 3340 718 3409 la
732 3350 788 3407 lille
800 3350 834 3406 de
847 3351 1016 3425 bagai-Sion
1034 3363 1061 3407 et
1075 3352 1110 3406 de
1124 3370 1172 3406 son
1186 3350 1255 3423 goirt

196 3450 266 3505 pour
274 3432 299 3488 la
312 3436 392 3489 chair
403 3436 438 3491 de
450 3456 527 3510 porc,
539 3450 581 3493 eat
594 3440 790 3512 parlaitement
800 3439 887 3512 digne
899 3440 938 3495 du
953 3441 1024 3495 iecit
1036 3439 1172 3513 principal
1185 3438 1254 3492 dans

196 3520 286 3597 lequel
299 3523 352 3578 elle
370 3542 398 3577 se
416 3534 512 3580 trouve
530 3529 686 3583 cuchaneo.
705 3528 765 3585 Falla
784 3529 872 3583 trabit
889 3528 1030 3584 d’ailleurs
1048 3547 1103 3582 une
1121 3526 1256 3599 profunde

196 3611 344 3685 ignorance
353 3613 389 3668 de
400 3613 424 3667 la
437 3613 473 3669 loi
487 3621 628 3689 mosalque
640 3635 687 3670 sur
700 3636 731 3671 ce
744 3620 833 3689 point,
846 3619 918 3672 aussi
929 3617 994 3673 bien
1007 3637 1062 3692 que
1073 3617 1108 3671 de
1119 3617 1142 3670 la
1153 3615 1256 3670 fidente

197 3702 358 3773 rigonreuse
374 3721 438 3755 arec
456 3703 572 3776 laquelle
590 3705 629 3758 les
645 3704 717 3758 Juils
734 3705 801 3760 l’ont
821 3706 949 3776 toujours
966 3706 1103 3760 observes.
1119 3706 1213 3776 Voyez
1230 3703 1256 3757 le

198 3788 353 3861 Le'vitique,
371 3808 408 3855 rr,
424 3791 451 3856 7,
470 3800 499 3844 et
516 3791 541 3845 le
560 3792 778 3859 Deute'ronome‚
798 3811 852 3858 nv,
870 3798 898 3848 8.
914 3792 938 3846 ll
952 3803 993 3848 eet
1006 3796 1110 3867 permis
1124 3791 1256 3847 d’inlrirer

199 3871 230 3929 de
247 3893 279 3929 oe
296 3894 409 3949 passage
426 3896 480 3950 que
496 3889 576 3932 notre
591 3889 690 3933 auteur
706 3880 790 3934 l’aura
811 3882 870 3953 pris
883 3880 997 3935 ailleors
1008 3899 1070 3935 sans
1086 3880 1253 3942 l’examiner‚

199 3969 238 4030 et,
257 3979 288 4015 ce
304 3965 352 4035 qui
371 3982 442 4018 noos
458 3966 547 4037 parait
565 3965 626 4038 plus
643 3967 790 4038 probable,
811 3971 934 4043 quoique
951 3969 1008 4025 fort
1022 3967 1253 4030 extraordinairc,

200 4065 265 4120 que,
281 4049 385 4121 malgre'
398 4070 447 4106 son
460 4054 548 4125 grand
561 4056 666 4127 e'talage
679 4055 848 4111 d’eruclition
861 4056 1001 4131 biblique,
1015 4057 1034 4110 il
1047 4053 1255 4112 neronuaissuit

200 4154 250 4208 que
263 4138 319 4192 sort
332 4140 563 4212 imparlaitemrnt
574 4154 646 4198 cetto
661 4145 771 4215 portion
785 4144 833 4199 des
845 4145 938 4200 Lirrcs
949 4146 1049 4201 Saints.
