2888 4934
189 430 294 507 [rica]
528 423 646 486 unna
668 423 909 489 censemus,
1184 414 1242 485 173

188 557 298 630 tribus
315 554 521 654 septimanis
539 553 691 627 obsedit.
717 552 915 626 Rodbertus
933 568 1052 626 autem
1072 553 1244 628 Scrobes-

188 672 326 744 buriam
354 682 564 803 seffseret,
597 684 631 741 et
658 668 841 768 praelatum
867 669 1040 767 oppidum
1068 672 1240 768 Rogerio,

187 782 462 881 Corbati·lilio(l
472 785 499 881 ),
515 798 551 859 et
562 783 744 856 Rodberto
762 783 807 856 de
822 783 1014 873 Novavilla,
1032 785 1243 883 Ulgerioque

189 903 356 974 Venatori
377 899 619 989 commiserat,
642 899 772 996 quibus
795 925 889 970 cxxx
908 900 1154 997 stipendiarios
1175 904 1243 975 mi-

188 1015 263 1090 lites
278 1015 524 1114 conjunxerat.
541 1017 670 1085 Pacem
683 1038 827 1110 quoque
841 1038 922 1085 cum
938 1014 1057 1086 Gualis
1070 1029 1156 1086 tunc
1169 1015 1245 1113 ipse

188 1131 330 1222 fecerat,
341 1145 378 1202 et
388 1154 487 1227 reges
499 1152 625 1202 eorum
638 1128 806 1201 Caducan
817 1144 853 1202 et
866 1133 1057 1202 Gervatum
1071 1130 1137 1228 (2),
1152 1131 1244 1204 filios

190 1248 286 1337 lesi,
311 1236 585 1334 sibiasciverat,
612 1267 805 1341 quoscum
827 1245 899 1315 suis
920 1245 1032 1342 copiis
1051 1247 1244 1319 exercitum

189 1365 277 1462 regis
292 1361 481 1436 exturbare
498 1361 700 1460 frequenter
714 1359 898 1457 dirigebat.
918 1360 1148 1434 Guillelmum
1158 1388 1245 1435 vero

190 1477 405 1566 Pantolium,
422 1476 623 1566 militarem,
637 1472 864 1573 probumque
881 1475 1010 1565 virum,
1028 1475 1245 1550 exheredita-

190 1609 302 1687 verat,
319 1607 355 1687 et
369 1590 480 1664 multa
496 1591 562 1664 sibi
575 1590 803 1691 pollicentem
819 1592 959 1663 servitia
973 1592 1009 1663 in
1023 1593 1166 1666 instanti
1183 1618 1244 1666 ne-

190 1710 348 1782 cessitate
360 1708 504 1807 penitus
514 1730 534 1778 a
546 1721 584 1779 sc
595 1705 874 1805 propulsaverat.
894 1707 955 1778 llle
965 1723 1098 1799 autem,
1114 1735 1136 1781 a
1153 1709 1247 1782 Rod-

189 1822 288 1897 berto
317 1836 567 1921 contemptae,
595 1821 642 1894 sd
669 1844 789 1918 regem
818 1845 1011 1894 conversus
1037 1824 1107 1895 est.¹
1128 1828 1244 1911 Quem

189 1958 265 2030 rex,
287 1940 374 2037 quia
392 1938 552 2010 vivacem
573 1937 734 2008 animum
759 1936 835 2032 ejus
846 1936 1064 2033 ,jamdudum
1081 1954 1246 2036 expertus

189 2053 313 2145 luerat,
329 2066 507 2151 gratanter
517 2051 736 2151 amplexatus
749 2066 815 2125 est.
830 2053 995 2125 Protinus
1008 2052 1058 2124 illi
1072 2053 1246 2127 ducentos

189 2168 317 2241 milites
333 2166 617 2256 commendavit,
639 2182 675 2239 et
693 2164 892 2238 custodiam
911 2166 1102 2265 stephordi
1120 2169 1242 2265 castri,

188 2283 286 2381 quod
320 2285 357 2356 in
383 2284 501 2356 vicino
530 2298 628 2373 erat,
660 2282 855 2383 deputavit.
890 2284 955 2355 Hic
984 2309 1091 2382 super
1119 2309 1245 2358 omncs

188 2397 370 2471 Rodberto
389 2399 524 2489 nocuit,
543 2413 579 2471 et
594 2423 708 2496 usque
723 2398 770 2472 ad
788 2397 1024 2494 dejectionem
1040 2401 1196 2474 consiliis
1210 2417 1246 2474 et

188 2515 295 2587 arma
311 2515 537 2613 pertinaciter
553 2513 687 2587 obstitit
699 2514 767 2610 (3).

215 2747 258 2820 (1)
270 2746 377 2822 Rosser,
390 2748 432 2804 fils
443 2747 479 2803 de
490 2748 605 2816 Corbet,
622 2758 652 2804 et
659 2747 778 2816 Robert,
791 2766 841 2803 son
854 2749 927 2806 frere
939 2751 1011 2818 atus,
1026 2764 1089 2808 scut
1097 2755 1165 2809 cites
1177 2755 1246 2809 dans

189 2833 223 2890 les
234 2836 349 2892 chartea
367 2835 492 2893 relatives
506 2839 521 2890 11
534 2837 560 2891 la
577 2837 720 2893 fondation
735 2837 769 2892 de
782 2836 905 2911 l'abbaye
918 2839 953 2894 de
965 2841 1159 2914 Shrewsbury,
1176 2843 1246 2898 dont

189 2923 217 2978 ils
233 2924 330 2981 iurent
346 2924 385 2980 les
401 2925 592 2983 biensaiteurs.
607 2925 684 2979 Nous
700 2925 744 2996 n’y
758 2936 889 2981 trouvons
907 2929 935 2981 ni
954 2927 1060 2982 liobert
1071 2928 1106 2982 de
1120 2929 1245 2986 Neuville

190 3011 416 3088 (pmbablemept
438 3014 587 3086 originales
609 3013 645 3068 de
662 3013 801 3080 Neuville,
825 3015 888 3086 pres
910 3014 1005 3087 δέει),
1028 3015 1097 3070 nile
1115 3017 1246 3073 chasseur

191 3100 297 3176 nger,
312 3104 382 3179 mais
391 3103 545 3159 seulement
557 3121 596 3157 un
606 3112 685 3157 autre
694 3103 823 3156 chasseur
834 3104 944 3158 attache
956 3107 970 3158 a
983 3103 1009 3158 la
1020 3104 1124 3161 familie
1135 3106 1170 3162 de
1182 3107 1244 3163 Bel-

191 3188 257 3247 leme
272 3216 278 3246 :
296 3191 481 3247 Numanum
496 3193 629 3246 Venator.
645 3191 739 3263 Voyez
752 3190 877 3246 Monesi.
894 3192 1018 3265 Anglic„
1036 3196 1172 3267 premiere
1184 3195 1244 3253 edi-

192 3279 260 3347 tion,
274 3290 297 3337 t.
309 3281 336 3349 l,
352 3299 380 3353 p.
394 3281 447 3337 375
458 3291 486 3335 et
499 3281 645 3334 suivantes.

221 3368 300 3437 (2)ss
318 3370 388 3424 n¹est
403 3387 452 3442 pas
468 3368 545 3423 facile
561 3367 596 3422 de
613 3379 757 3422 retrouver
770 3367 809 3421 les
823 3367 964 3422 nomades
981 3369 1105 3426 roitclets
1122 3371 1161 3426 du
1180 3391 1246 3446 pays

193 3454 222 3511 le
228 3456 335 3524 Galles,
347 3474 411 3511 sous
423 3456 447 3511 la
456 3457 545 3534 forme
557 3475 611 3529 que
620 3456 682 3511 leur
691 3466 742 3510 ont
751 3455 907 3511 donneeles
918 3457 1069 3512 historiens
1078 3459 1245 3519 Normands.

194 3543 263 3599 Cenx
274 3544 346 3599 dont
357 3555 437 3600 notre
450 3556 551 3600 auteur
560 3554 625 3599 veut
636 3545 727 3617 parler
741 3544 787 3607 ici,
801 3543 927 3599 devaient
937 3545 997 3600 etro
1008 3545 1047 3600 les
1058 3546 1100 3601 fils
1114 3547 1149 3603 de
1161 3548 1246 3604 Rurs-

195 3632 336 3700 u-om,
351 3632 409 3687 l’un
422 3631 471 3686 des
487 3632 597 3704 princes
611 3631 651 3687 du
667 3631 881 3699 south-Wales,
901 3635 950 3688 tue
967 3650 1002 3688 eu
1016 3636 1094 3692 ⁴076.
1113 3637 1186 3709 Voy.
1204 3640 1245 3693 ci·

195 3717 291 3788 dessus,
308 3731 328 3774 t.
342 3719 401 3791 ΠΙ,
414 3738 442 3792 p·
455 3723 518 3778 288.

223 3809 329 3880 (3)Sur
351 3807 513 3864 Guillsume
535 3807 667 3876 pauloni,
690 3824 752 3880 roy.
773 3808 921 3880 ci·dessus,
942 3820 962 3864 t.
978 3810 1019 3878 II,
1043 3829 1070 3883 p.
1084 3812 1136 3868 let
1146 3821 1175 3866 et
1187 3812 1245 3866 sui-

195 3907 290 3951 nntes.
306 3896 346 3950 ce
358 3894 496 3950 chatelsiu
508 3896 543 3950 de
559 3894 680 3951 Stallcrd
700 3906 814 3951 mourut
834 3896 992 3971 longtcmps
1008 3900 1096 3972 apres,
1119 3898 1187 3953 daus
1207 3917 1244 3952 un

196 3981 239 4054 ige
249 3985 359 4038 aranee.

225 4069 364 4141 L’anteur,
380 4087 415 4125 au
433 4082 529 4128 retour
541 4070 576 4126 de
591 4082 663 4126 cette
680 4072 848 4145 digression,
865 4093 936 4129 nous
950 4077 1061 4131 camene
1074 4094 1108 4128 au
1124 4075 1198 4145 siege
1210 4072 1245 4127 dc

198 4153 387 4230 lln'dgenorth.
