<?xml version="1.0" encoding="UTF-8"?>
<!DOCTYPE html PUBLIC "-//W3C//DTD XHTML 1.0 Transitional//EN"
    "http://www.w3.org/TR/xhtml1/DTD/xhtml1-transitional.dtd">
<html xmlns="http://www.w3.org/1999/xhtml" xml:lang="en" lang="en">
 <head>
  <title>
</title>
<meta http-equiv="Content-Type" content="text/html;charset=utf-8" />
  <meta name='ocr-system' content='tesseract 3.04.00' />
  <meta name='ocr-capabilities' content='ocr_page ocr_carea ocr_par ocr_line ocrx_word'/>
</head>
<body>
  <div class='ocr_page' id='page_1' title='image "./ordericivitalis07deligoog/ordericivitalis07deligoog_0082.png"; bbox 0 0 2888 4934; ppageno 0'>
   <div class='ocr_carea' id='block_1_1' title="bbox 192 459 1254 560">
    <p class='ocr_par' dir='ltr' id='par_1_1' title="bbox 192 459 1254 560">
     <span class='ocr_line' id='line_1_1' title="bbox 192 459 1254 560; baseline 0.006 -20"><span class='ocrx_word' id='word_1_1' title='bbox 192 459 402 560; x_wconf 81' lang='lat' dir='ltr'><strong>[roos-noo]</strong></span> <span class='ocrx_word' id='word_1_2' title='bbox 563 477 681 541; x_wconf 75' lang='lat' dir='ltr'><strong>ninus</strong></span> <span class='ocrx_word' id='word_1_3' title='bbox 701 478 888 541; x_wconf 75' lang='lat' dir='ltr'><strong>uncturus</strong></span> <span class='ocrx_word' id='word_1_4' title='bbox 1213 486 1254 546; x_wconf 79' lang='lat' dir='ltr'><strong>os</strong></span> 
     </span>
    </p>
   </div>
   <div class='ocr_carea' id='block_1_2' title="bbox 190 611 1304 3023">
    <p class='ocr_par' dir='ltr' id='par_1_2' title="bbox 190 611 1304 3023">
     <span class='ocr_line' id='line_1_2' title="bbox 192 611 1255 712; baseline 0.004 -28"><span class='ocrx_word' id='word_1_5' title='bbox 192 615 252 687; x_wconf 81' lang='lat' dir='ltr'><strong>tue</strong></span> <span class='ocrx_word' id='word_1_6' title='bbox 264 611 370 701; x_wconf 85' lang='lat' dir='ltr'><strong>filius,</strong></span> <span class='ocrx_word' id='word_1_7' title='bbox 384 638 533 711; x_wconf 89' lang='lat' dir='ltr'><strong>regnum</strong></span> <span class='ocrx_word' id='word_1_8' title='bbox 542 611 656 686; x_wconf 83' lang='lat' dir='ltr'><strong>David</strong></span> <span class='ocrx_word' id='word_1_9' title='bbox 668 615 705 685; x_wconf 91' lang='lat' dir='ltr'><strong>in</strong></span> <span class='ocrx_word' id='word_1_10' title='bbox 717 612 907 686; x_wconf 83' lang='lat' dir='ltr'>Ierusalem</span> <span class='ocrx_word' id='word_1_11' title='bbox 918 614 1084 712; x_wconf 82' lang='lat' dir='ltr'><strong>suscepit,</strong></span> <span class='ocrx_word' id='word_1_12' title='bbox 1097 630 1132 686; x_wconf 89' lang='lat' dir='ltr'><strong>et</strong></span> <span class='ocrx_word' id='word_1_13' title='bbox 1142 614 1255 690; x_wconf 88' lang='lat' dir='ltr'><strong>tribus</strong></span> 
     </span>
     <span class='ocr_line' id='line_1_3' title="bbox 193 728 1255 828; baseline 0.006 -29"><span class='ocrx_word' id='word_1_14' title='bbox 193 729 298 800; x_wconf 86' lang='lat' dir='ltr'><strong>annis</strong></span> <span class='ocrx_word' id='word_1_15' title='bbox 314 729 485 826; x_wconf 83' lang='lat' dir='ltr'><strong>¹regnarit.</strong></span> <span class='ocrx_word' id='word_1_16' title='bbox 511 732 646 828; x_wconf 85' lang='lat' dir='ltr'><strong>inipso</strong></span> <span class='ocrx_word' id='word_1_17' title='bbox 666 754 807 818; x_wconf 92' lang='lat' dir='ltr'><strong>mense,</strong></span> <span class='ocrx_word' id='word_1_18' title='bbox 829 728 991 800; x_wconf 88' lang='lat' dir='ltr'><strong>omnium</strong></span> <span class='ocrx_word' id='word_1_19' title='bbox 1013 729 1116 801; x_wconf 92' lang='lat' dir='ltr'><strong>simul</strong></span> <span class='ocrx_word' id='word_1_20' title='bbox 1136 728 1255 805; x_wconf 90' lang='lat' dir='ltr'><strong>adhuc</strong></span> 
     </span>
     <span class='ocr_line' id='line_1_4' title="bbox 192 844 1256 936; baseline 0.003 -19"><span class='ocrx_word' id='word_1_21' title='bbox 192 845 482 919; x_wconf 84' lang='lat' dir='ltr'><strong>commilitonum</strong></span> <span class='ocrx_word' id='word_1_22' title='bbox 498 872 647 919; x_wconf 86' lang='lat' dir='ltr'><strong>suorum</strong></span> <span class='ocrx_word' id='word_1_23' title='bbox 660 845 790 920; x_wconf 82' lang='lat' dir='ltr'><strong>auxilio</strong></span> <span class='ocrx_word' id='word_1_24' title='bbox 807 846 930 936; x_wconf 81' lang='lat' dir='ltr'><strong>fretus,</strong></span> <span class='ocrx_word' id='word_1_25' title='bbox 944 846 981 916; x_wconf 92' lang='lat' dir='ltr'><strong>in</strong></span> <span class='ocrx_word' id='word_1_26' title='bbox 994 844 1256 920; x_wconf 65' lang='lat' dir='ltr'><strong>admiravisum</strong></span> 
     </span>
     <span class='ocr_line' id='line_1_5' title="bbox 192 959 1255 1061; baseline 0.005 -31"><span class='ocrx_word' id='word_1_27' title='bbox 192 959 1255 1061; x_wconf 72' lang='lat' dir='ltr'><strong>pugnavit,Deoquepmesidiantefeliciterpropedscalonem</strong></span> 
     </span>
     <span class='ocr_line' id='line_1_6' title="bbox 193 1073 1256 1175; baseline 0.004 -31"><span class='ocrx_word' id='word_1_28' title='bbox 193 1073 1256 1175; x_wconf 80' lang='lat' dir='ltr'><strong>triumphavit(t).tnautumno,postquamgentilcs,summo</strong></span> 
     </span>
     <span class='ocr_line' id='line_1_7' title="bbox 193 1191 1257 1292; baseline 0.003 -31"><span class='ocrx_word' id='word_1_29' title='bbox 193 1193 289 1288; x_wconf 84' lang='lat' dir='ltr'><strong>Rege</strong></span> <span class='ocrx_word' id='word_1_30' title='bbox 312 1191 470 1264; x_wconf 84' lang='lat' dir='ltr'><strong>Sabaoth</strong></span> <span class='ocrx_word' id='word_1_31' title='bbox 493 1192 547 1290; x_wconf 82' lang='lat'><strong>(2)</strong></span> <span class='ocrx_word' id='word_1_32' title='bbox 575 1191 773 1292; x_wconf 85' lang='lat' dir='ltr'><strong>praeliante,</strong></span> <span class='ocrx_word' id='word_1_33' title='bbox 801 1192 970 1290; x_wconf 83' lang='lat' dir='ltr'><strong>prostrati</strong></span> <span class='ocrx_word' id='word_1_34' title='bbox 996 1206 1098 1282; x_wconf 92' lang='lat' dir='ltr'><strong>sunt,</strong></span> <span class='ocrx_word' id='word_1_35' title='bbox 1127 1193 1257 1290; x_wconf 82' lang='lat' dir='ltr'>egregii</span> 
     </span>
     <span class='ocr_line' id='line_1_8' title="bbox 191 1306 1253 1402; baseline 0 -24"><span class='ocrx_word' id='word_1_36' title='bbox 191 1329 361 1402; x_wconf 81' lang='lat' dir='ltr'><strong>proceres</strong></span> <span class='ocrx_word' id='word_1_37' title='bbox 373 1331 457 1378; x_wconf 89' lang='lat' dir='ltr'><strong>cum</strong></span> <span class='ocrx_word' id='word_1_38' title='bbox 467 1310 538 1380; x_wconf 88' lang='lat' dir='ltr'><strong>suis</strong></span> <span class='ocrx_word' id='word_1_39' title='bbox 550 1307 854 1380; x_wconf 87' lang='lat' dir='ltr'><strong>commilitonibus</strong></span> <span class='ocrx_word' id='word_1_40' title='bbox 869 1306 986 1379; x_wconf 88' lang='lat' dir='ltr'><strong>redire</strong></span> <span class='ocrx_word' id='word_1_41' title='bbox 998 1306 1253 1397; x_wconf 89' lang='lat' dir='ltr'><strong>decreverunt,</strong></span> 
     </span>
     <span class='ocr_line' id='line_1_9' title="bbox 192 1421 1255 1522; baseline 0.005 -30"><span class='ocrx_word' id='word_1_42' title='bbox 192 1435 228 1492; x_wconf 86' lang='lat' dir='ltr'><strong>et</strong></span> <span class='ocrx_word' id='word_1_43' title='bbox 245 1421 369 1492; x_wconf 86' lang='lat' dir='ltr'><strong>amicis</strong></span> <span class='ocrx_word' id='word_1_44' title='bbox 387 1436 494 1519; x_wconf 87' lang='lat' dir='ltr'><strong>atque</strong></span> <span class='ocrx_word' id='word_1_45' title='bbox 513 1423 740 1495; x_wconf 80' lang='lat' dir='ltr'><strong>consortibus</strong></span> <span class='ocrx_word' id='word_1_46' title='bbox 759 1423 1009 1513; x_wconf 83' lang='lat' dir='ltr'><strong>valedicentes,</strong></span> <span class='ocrx_word' id='word_1_47' title='bbox 1031 1425 1255 1522; x_wconf 89' lang='lat' dir='ltr'><strong>reciprocum</strong></span> 
     </span>
     <span class='ocr_line' id='line_1_10' title="bbox 192 1534 1253 1630; baseline 0.004 -24"><span class='ocrx_word' id='word_1_48' title='bbox 192 1534 320 1607; x_wconf 82' lang='lat' dir='ltr'><strong>callem</strong></span> <span class='ocrx_word' id='word_1_49' title='bbox 337 1537 506 1609; x_wconf 88' lang='lat' dir='ltr'><strong>iniemnt.</strong></span> <span class='ocrx_word' id='word_1_50' title='bbox 528 1537 729 1610; x_wconf 85' lang='lat' dir='ltr'><strong>Rodbertus</strong></span> <span class='ocrx_word' id='word_1_51' title='bbox 742 1539 839 1610; x_wconf 84' lang='lat' dir='ltr'><strong>onim</strong></span> <span class='ocrx_word' id='word_1_52' title='bbox 856 1537 929 1610; x_wconf 84' lang='lat' dir='ltr'><strong>dux</strong></span> <span class='ocrx_word' id='word_1_53' title='bbox 945 1540 1253 1630; x_wconf 85' lang='lat' dir='ltr'><strong>Normannorum,</strong></span> 
     </span>
     <span class='ocr_line' id='line_1_11' title="bbox 191 1651 1257 1750; baseline 0.005 -29"><span class='ocrx_word' id='word_1_54' title='bbox 191 1664 227 1721; x_wconf 88' lang='lat' dir='ltr'><strong>et</strong></span> <span class='ocrx_word' id='word_1_55' title='bbox 238 1651 440 1723; x_wconf 81' lang='lat' dir='ltr'><strong>Rodbertus</strong></span> <span class='ocrx_word' id='word_1_56' title='bbox 451 1653 610 1727; x_wconf 88' lang='lat' dir='ltr'><strong>marchio</strong></span> <span class='ocrx_word' id='word_1_57' title='bbox 620 1653 1022 1750; x_wconf 84' lang='lat' dir='ltr'><strong>Flandrensium,atque</strong></span> <span class='ocrx_word' id='word_1_58' title='bbox 1033 1653 1257 1726; x_wconf 80' lang='lat' dir='ltr'><strong>Raimundus</strong></span> 
     </span>
     <span class='ocr_line' id='line_1_12' title="bbox 190 1764 1256 1865; baseline 0.005 -30"><span class='ocrx_word' id='word_1_59' title='bbox 190 1764 389 1838; x_wconf 74' lang='lat' dir='ltr'><strong>&#39;tolosanus</strong></span> <span class='ocrx_word' id='word_1_60' title='bbox 406 1791 528 1840; x_wconf 88' lang='lat' dir='ltr'><strong>comes</strong></span> <span class='ocrx_word' id='word_1_61' title='bbox 545 1769 621 1864; x_wconf 88' lang='lat'><strong>(3),</strong></span> <span class='ocrx_word' id='word_1_62' title='bbox 640 1769 788 1865; x_wconf 84' lang='lat' dir='ltr'><strong>regressi</strong></span> <span class='ocrx_word' id='word_1_63' title='bbox 808 1782 911 1855; x_wconf 90' lang='lat' dir='ltr'><strong>sunt,</strong></span> <span class='ocrx_word' id='word_1_64' title='bbox 930 1791 1090 1865; x_wconf 90' lang='lat' dir='ltr'><strong>quorum</strong></span> <span class='ocrx_word' id='word_1_65' title='bbox 1106 1768 1256 1840; x_wconf 89' lang='lat' dir='ltr'><strong>strenui·</strong></span> 
     </span>
     <span class='ocr_line' id='line_1_13' title="bbox 191 1883 1253 1983; baseline 0.005 -32"><span class='ocrx_word' id='word_1_66' title='bbox 191 1895 282 1952; x_wconf 86' lang='lat' dir='ltr'><strong>tates</strong></span> <span class='ocrx_word' id='word_1_67' title='bbox 296 1883 401 1953; x_wconf 83' lang='lat' dir='ltr'><strong>Turni</strong></span> <span class='ocrx_word' id='word_1_68' title='bbox 419 1883 618 1957; x_wconf 86' lang='lat' dir='ltr'><strong>admodum</strong></span> <span class='ocrx_word' id='word_1_69' title='bbox 635 1884 769 1983; x_wconf 80' lang='lat' dir='ltr'><strong>experti</strong></span> <span class='ocrx_word' id='word_1_70' title='bbox 787 1897 882 1955; x_wconf 91' lang='lat' dir='ltr'><strong>sunt.</strong></span> <span class='ocrx_word' id='word_1_71' title='bbox 902 1886 1066 1981; x_wconf 90' lang='lat' dir='ltr'><strong>Cumque</strong></span> <span class='ocrx_word' id='word_1_72' title='bbox 1083 1884 1253 1973; x_wconf 84' lang='lat' dir='ltr'><strong>redirent,</strong></span> 
     </span>
     <span class='ocr_line' id='line_1_14' title="bbox 192 1995 1253 2100; baseline 0.008 -34"><span class='ocrx_word' id='word_1_73' title='bbox 192 1995 314 2069; x_wconf 88' lang='lat' dir='ltr'><strong>multis</strong></span> <span class='ocrx_word' id='word_1_74' title='bbox 331 1999 481 2072; x_wconf 87' lang='lat' dir='ltr'><strong>coetibus</strong></span> <span class='ocrx_word' id='word_1_75' title='bbox 499 2001 770 2100; x_wconf 86' lang='lat' dir='ltr'><strong>peregrinorum</strong></span> <span class='ocrx_word' id='word_1_76' title='bbox 792 1997 908 2070; x_wconf 90' lang='lat' dir='ltr'><strong>obiter</strong></span> <span class='ocrx_word' id='word_1_77' title='bbox 925 1999 980 2096; x_wconf 77' lang='lat' dir='ltr'><strong>(t)</strong></span> <span class='ocrx_word' id='word_1_78' title='bbox 999 1999 1253 2093; x_wconf 84' lang='lat' dir='ltr'><strong>obviaverunt,</strong></span> 
     </span>
     <span class='ocr_line' id='line_1_15' title="bbox 191 2112 1252 2214; baseline 0.004 -30"><span class='ocrx_word' id='word_1_79' title='bbox 191 2112 316 2209; x_wconf 82' lang='lat' dir='ltr'><strong>qnieis</strong></span> <span class='ocrx_word' id='word_1_80' title='bbox 328 2114 366 2186; x_wconf 95' lang='lat' dir='ltr'><strong>in</strong></span> <span class='ocrx_word' id='word_1_81' title='bbox 379 2117 495 2214; x_wconf 90' lang='lat' dir='ltr'><strong>prima</strong></span> <span class='ocrx_word' id='word_1_82' title='bbox 504 2116 729 2214; x_wconf 82' lang='lat' dir='ltr'><strong>profectione</strong></span> <span class='ocrx_word' id='word_1_83' title='bbox 741 2116 904 2189; x_wconf 85' lang='lat' dir='ltr'><strong>comitari</strong></span> <span class='ocrx_word' id='word_1_84' title='bbox 912 2117 1164 2213; x_wconf 86' lang='lat' dir='ltr'><strong>nequivemnt;</strong></span> <span class='ocrx_word' id='word_1_85' title='bbox 1176 2116 1252 2206; x_wconf 89' lang='lat' dir='ltr'><strong>sed,</strong></span> 
     </span>
     <span class='ocr_line' id='line_1_16' title="bbox 192 2230 1254 2330; baseline 0.004 -32"><span class='ocrx_word' id='word_1_86' title='bbox 192 2232 464 2326; x_wconf 84' lang='lat' dir='ltr'><strong>opportunitate</strong></span> <span class='ocrx_word' id='word_1_87' title='bbox 479 2230 581 2321; x_wconf 89' lang='lat' dir='ltr'><strong>data,</strong></span> <span class='ocrx_word' id='word_1_88' title='bbox 601 2231 750 2329; x_wconf 89' lang='lat' dir='ltr'><strong>quando</strong></span> <span class='ocrx_word' id='word_1_89' title='bbox 767 2245 983 2330; x_wconf 86' lang='lat' dir='ltr'><strong>potuerunt,</strong></span> <span class='ocrx_word' id='word_1_90' title='bbox 1004 2245 1128 2302; x_wconf 85' lang='lat' dir='ltr'><strong>votum</strong></span> <span class='ocrx_word' id='word_1_91' title='bbox 1145 2231 1254 2303; x_wconf 92' lang='lat' dir='ltr'><strong>eundi</strong></span> 
     </span>
     <span class='ocr_line' id='line_1_17' title="bbox 191 2343 1253 2444; baseline 0.003 -29"><span class='ocrx_word' id='word_1_92' title='bbox 191 2343 235 2415; x_wconf 84' lang='lat' dir='ltr'><strong>ad</strong></span> <span class='ocrx_word' id='word_1_93' title='bbox 257 2344 489 2444; x_wconf 84' lang='lat' dir='ltr'><strong>sepulchmm</strong></span> <span class='ocrx_word' id='word_1_94' title='bbox 512 2348 658 2418; x_wconf 88' lang='lat' dir='ltr'><strong>Domini</strong></span> <span class='ocrx_word' id='word_1_95' title='bbox 682 2345 966 2444; x_wconf 86' lang='lat' dir='ltr'><strong>compleverunt.</strong></span> <span class='ocrx_word' id='word_1_96' title='bbox 995 2347 1054 2417; x_wconf 84' lang='lat' dir='ltr'><strong>isti</strong></span> <span class='ocrx_word' id='word_1_97' title='bbox 1076 2346 1253 2443; x_wconf 87' lang='lat' dir='ltr'><strong>siquidem</strong></span> 
     </span>
     <span class='ocr_line' id='line_1_18' title="bbox 191 2460 1255 2561; baseline 0.007 -33"><span class='ocrx_word' id='word_1_98' title='bbox 191 2460 341 2531; x_wconf 90' lang='lat' dir='ltr'><strong>nimiam</strong></span> <span class='ocrx_word' id='word_1_99' title='bbox 352 2476 542 2558; x_wconf 83' lang='lat' dir='ltr'><strong>egestatem</strong></span> <span class='ocrx_word' id='word_1_100' title='bbox 552 2463 589 2534; x_wconf 91' lang='lat' dir='ltr'><strong>in</strong></span> <span class='ocrx_word' id='word_1_101' title='bbox 605 2463 733 2534; x_wconf 90' lang='lat' dir='ltr'><strong>itinere</strong></span> <span class='ocrx_word' id='word_1_102' title='bbox 741 2460 976 2561; x_wconf 87' lang='lat' dir='ltr'><strong>pertulerunt,</strong></span> <span class='ocrx_word' id='word_1_103' title='bbox 990 2475 1028 2532; x_wconf 89' lang='lat' dir='ltr'><strong>et</strong></span> <span class='ocrx_word' id='word_1_104' title='bbox 1039 2484 1133 2559; x_wconf 90' lang='lat' dir='ltr'><strong>pene</strong></span> <span class='ocrx_word' id='word_1_105' title='bbox 1142 2486 1255 2559; x_wconf 87' lang='lat' dir='ltr'><strong>usque</strong></span> 
     </span>
     <span class='ocr_line' id='line_1_19' title="bbox 190 2572 1254 2676; baseline 0.003 -32"><span class='ocrx_word' id='word_1_106' title='bbox 190 2572 236 2644; x_wconf 83' lang='lat' dir='ltr'><strong>ad</strong></span> <span class='ocrx_word' id='word_1_107' title='bbox 256 2589 414 2648; x_wconf 87' lang='lat' dir='ltr'><strong>mortem</strong></span> <span class='ocrx_word' id='word_1_108' title='bbox 429 2578 579 2674; x_wconf 80' lang='lat' dir='ltr'><strong>aporiati</strong></span> <span class='ocrx_word' id='word_1_109' title='bbox 594 2577 650 2674; x_wconf 84' lang='lat'><strong>(5)</strong></span> <span class='ocrx_word' id='word_1_110' title='bbox 666 2589 763 2650; x_wconf 81' lang='lat' dir='ltr'><strong>sunt.</strong></span> <span class='ocrx_word' id='word_1_111' title='bbox 781 2579 872 2649; x_wconf 87' lang='lat' dir='ltr'><strong>Nam</strong></span> <span class='ocrx_word' id='word_1_112' title='bbox 888 2576 1023 2676; x_wconf 84' lang='lat' dir='ltr'><strong>praevii,</strong></span> <span class='ocrx_word' id='word_1_113' title='bbox 1041 2577 1104 2673; x_wconf 88' lang='lat' dir='ltr'><strong>qui</strong></span> <span class='ocrx_word' id='word_1_114' title='bbox 1123 2599 1254 2673; x_wconf 86' lang='lat' dir='ltr'><strong>praece·</strong></span> 
     </span>
     <span class='ocr_line' id='line_1_20' title="bbox 190 2688 1254 2791; baseline 0.002 -30"><span class='ocrx_word' id='word_1_115' title='bbox 190 2688 360 2763; x_wconf 86' lang='lat' dir='ltr'><strong>dentibus</strong></span> <span class='ocrx_word' id='word_1_116' title='bbox 377 2695 480 2766; x_wconf 89' lang='lat' dir='ltr'><strong>annis</strong></span> <span class='ocrx_word' id='word_1_117' title='bbox 497 2695 660 2791; x_wconf 84' lang='lat' dir='ltr'><strong>regiones</strong></span> <span class='ocrx_word' id='word_1_118' title='bbox 675 2695 767 2765; x_wconf 90' lang='lat' dir='ltr'><strong>inter</strong></span> <span class='ocrx_word' id='word_1_119' title='bbox 781 2692 1005 2764; x_wconf 77' lang='lat' dir='ltr'><strong>Antiochiam</strong></span> <span class='ocrx_word' id='word_1_120' title='bbox 1016 2706 1052 2764; x_wconf 89' lang='lat' dir='ltr'><strong>et</strong></span> <span class='ocrx_word' id='word_1_121' title='bbox 1064 2691 1254 2764; x_wconf 81' lang='lat' dir='ltr'><strong>ierusalem</strong></span> 
     </span>
     <span class='ocr_line' id='line_1_21' title="bbox 191 2805 1256 2907; baseline 0.003 -30"><span class='ocrx_word' id='word_1_122' title='bbox 191 2805 403 2905; x_wconf 86' lang='lat' dir='ltr'><strong>depopulati</strong></span> <span class='ocrx_word' id='word_1_123' title='bbox 413 2824 499 2881; x_wconf 84' lang='lat' dir='ltr'><strong>sunt</strong></span> <span class='ocrx_word' id='word_1_124' title='bbox 507 2810 576 2906; x_wconf 79' lang='lat'><strong>(6),</strong></span> <span class='ocrx_word' id='word_1_125' title='bbox 589 2807 889 2907; x_wconf 87' lang='lat' dir='ltr'><strong>subseqnentibus</strong></span> <span class='ocrx_word' id='word_1_126' title='bbox 900 2808 1096 2905; x_wconf 87' lang='lat' dir='ltr'><strong>peregrinis</strong></span> <span class='ocrx_word' id='word_1_127' title='bbox 1106 2831 1170 2905; x_wconf 91' lang='lat' dir='ltr'><strong>per</strong></span> <span class='ocrx_word' id='word_1_128' title='bbox 1181 2808 1256 2880; x_wconf 90' lang='lat' dir='ltr'><strong>ine·</strong></span> 
     </span>
     <span class='ocr_line' id='line_1_22' title="bbox 191 2908 1304 3023; baseline 0.004 -31"><span class='ocrx_word' id='word_1_129' title='bbox 191 2918 288 2997; x_wconf 72' lang='lat' dir='ltr'><strong>dian</strong></span> <span class='ocrx_word' id='word_1_130' title='bbox 303 2924 499 3020; x_wconf 85' lang='lat' dir='ltr'><strong>perniciem</strong></span> <span class='ocrx_word' id='word_1_131' title='bbox 509 2926 565 3023; x_wconf 81' lang='lat'><strong>(7)</strong></span> <span class='ocrx_word' id='word_1_132' title='bbox 579 2927 615 2997; x_wconf 92' lang='lat' dir='ltr'><strong>in</strong></span> <span class='ocrx_word' id='word_1_133' title='bbox 629 2927 771 2998; x_wconf 86' lang='lat' dir='ltr'><strong>tramite</strong></span> <span class='ocrx_word' id='word_1_134' title='bbox 784 2926 1063 3011; x_wconf 89' lang='lat' dir='ltr'><strong>seminaverunt,</strong></span> <span class='ocrx_word' id='word_1_135' title='bbox 1079 2924 1178 3020; x_wconf 89' lang='lat' dir='ltr'><strong>quia,</strong></span> <span class='ocrx_word' id='word_1_136' title='bbox 1191 2948 1253 2996; x_wconf 91' lang='lat' dir='ltr'><strong>oc·</strong></span> <span class='ocrx_word' id='word_1_137' title='bbox 1295 2908 1304 2928; x_wconf 74' lang='lat'><em>⁰</em></span> 
     </span>
    </p>
   </div>
   <div class='ocr_carea' id='block_1_3' title="bbox 191 3034 1253 3139">
    <p class='ocr_par' dir='ltr' id='par_1_3' title="bbox 191 3034 1253 3139">
     <span class='ocr_line' id='line_1_23' title="bbox 191 3034 1253 3139; baseline 0.005 -34"><span class='ocrx_word' id='word_1_138' title='bbox 191 3034 273 3106; x_wconf 82' lang='lat' dir='ltr'><strong>cisis</strong></span> <span class='ocrx_word' id='word_1_139' title='bbox 283 3038 359 3109; x_wconf 85' lang='lat' dir='ltr'><strong>sire</strong></span> <span class='ocrx_word' id='word_1_140' title='bbox 370 3037 495 3136; x_wconf 83' lang='lat' dir='ltr'><strong>iugatis</strong></span> <span class='ocrx_word' id='word_1_141' title='bbox 504 3042 771 3139; x_wconf 87' lang='lat' dir='ltr'><strong>provinciarum</strong></span> <span class='ocrx_word' id='word_1_142' title='bbox 782 3039 934 3127; x_wconf 88' lang='lat' dir='ltr'><strong>colonis,</strong></span> <span class='ocrx_word' id='word_1_143' title='bbox 952 3062 1035 3110; x_wconf 88' lang='lat' dir='ltr'><strong>arva</strong></span> <span class='ocrx_word' id='word_1_144' title='bbox 1048 3039 1104 3135; x_wconf 88' lang='lat'><strong>(8)</strong></span> <span class='ocrx_word' id='word_1_145' title='bbox 1119 3037 1253 3111; x_wconf 83' lang='lat' dir='ltr'><strong>inculta</strong></span> 
     </span>
    </p>
   </div>
   <div class='ocr_carea' id='block_1_4' title="bbox 186 3390 1256 4260">
    <p class='ocr_par' dir='ltr' id='par_1_4' title="bbox 224 3390 619 3463">
     <span class='ocr_line' id='line_1_24' title="bbox 224 3390 619 3463; baseline -0.005 -16"><span class='ocrx_word' id='word_1_146' title='bbox 224 3391 265 3463; x_wconf 86' lang='lat' dir='ltr'><strong>(t)</strong></span> <span class='ocrx_word' id='word_1_147' title='bbox 285 3391 324 3446; x_wconf 87' lang='lat' dir='ltr'><strong>Le</strong></span> <span class='ocrx_word' id='word_1_148' title='bbox 335 3390 484 3447; x_wconf 84' lang='lat' dir='ltr'><strong>dimanche</strong></span> <span class='ocrx_word' id='word_1_149' title='bbox 497 3393 531 3449; x_wconf 69' lang='lat' dir='ltr'><strong>td</strong></span> <span class='ocrx_word' id='word_1_150' title='bbox 543 3394 619 3449; x_wconf 73' lang='lat' dir='ltr'><strong>ecrit.</strong></span> 
     </span>
    </p>

    <p class='ocr_par' dir='ltr' id='par_1_5' title="bbox 225 3478 619 3553">
     <span class='ocr_line' id='line_1_25' title="bbox 225 3478 619 3553; baseline 0 -18"><span class='ocrx_word' id='word_1_151' title='bbox 225 3480 266 3553; x_wconf 83' lang='lat'><strong>(2)</strong></span> <span class='ocrx_word' id='word_1_152' title='bbox 286 3478 335 3535; x_wconf 86' lang='lat' dir='ltr'><strong>Gi.</strong></span> <span class='ocrx_word' id='word_1_153' title='bbox 350 3480 404 3534; x_wconf 88' lang='lat' dir='ltr'><strong>int.</strong></span> <span class='ocrx_word' id='word_1_154' title='bbox 417 3504 422 3533; x_wconf 92' lang='lat'>:</span> <span class='ocrx_word' id='word_1_155' title='bbox 437 3484 619 3536; x_wconf 79' lang='lat' dir='ltr'><strong>exercituum.</strong></span> 
     </span>
    </p>

    <p class='ocr_par' dir='ltr' id='par_1_6' title="bbox 189 3566 1256 3729">
     <span class='ocr_line' id='line_1_26' title="bbox 223 3566 1256 3641; baseline 0.001 -20"><span class='ocrx_word' id='word_1_156' title='bbox 223 3569 265 3639; x_wconf 79' lang='grc'><strong>(3)</strong></span> <span class='ocrx_word' id='word_1_157' title='bbox 282 3567 324 3623; x_wconf 78' lang='lat' dir='ltr'><strong>Ce</strong></span> <span class='ocrx_word' id='word_1_158' title='bbox 336 3567 466 3641; x_wconf 82' lang='lat' dir='ltr'><strong>seigneur·</strong></span> <span class='ocrx_word' id='word_1_159' title='bbox 478 3570 561 3624; x_wconf 84' lang='lat' dir='ltr'><strong>sortit</strong></span> <span class='ocrx_word' id='word_1_160' title='bbox 571 3568 635 3624; x_wconf 87' lang='lat' dir='ltr'><strong>bien</strong></span> <span class='ocrx_word' id='word_1_161' title='bbox 647 3569 683 3625; x_wconf 85' lang='lat' dir='ltr'><strong>de</strong></span> <span class='ocrx_word' id='word_1_162' title='bbox 694 3569 861 3635; x_wconf 66' lang='lat' dir='ltr'><strong>Jerusalem</strong></span> <span class='ocrx_word' id='word_1_163' title='bbox 878 3570 946 3623; x_wconf 85' lang='lat' dir='ltr'><strong>mais</strong></span> <span class='ocrx_word' id='word_1_164' title='bbox 959 3587 989 3623; x_wconf 86' lang='lat' dir='ltr'><strong>cc</strong></span> <span class='ocrx_word' id='word_1_165' title='bbox 1003 3586 1037 3623; x_wconf 91' lang='lat' dir='ltr'><strong>ne</strong></span> <span class='ocrx_word' id='word_1_166' title='bbox 1049 3567 1091 3621; x_wconf 85' lang='lat' dir='ltr'><strong>int</strong></span> <span class='ocrx_word' id='word_1_167' title='bbox 1103 3566 1256 3622; x_wconf 81' lang='lat' dir='ltr'><strong>nultcment</strong></span> 
     </span>
     <span class='ocr_line' id='line_1_27' title="bbox 189 3654 1137 3729; baseline 0 -22"><span class='ocrx_word' id='word_1_168' title='bbox 189 3671 262 3727; x_wconf 88' lang='lat' dir='ltr'><strong>pour</strong></span> <span class='ocrx_word' id='word_1_169' title='bbox 275 3654 386 3710; x_wconf 71' lang='lat' dir='ltr'><strong>revenit·</strong></span> <span class='ocrx_word' id='word_1_170' title='bbox 397 3674 433 3710; x_wconf 90' lang='lat' dir='ltr'><strong>en</strong></span> <span class='ocrx_word' id='word_1_171' title='bbox 447 3655 602 3727; x_wconf 78' lang='lat' dir='ltr'><strong>Occiderit,</strong></span> <span class='ocrx_word' id='word_1_172' title='bbox 616 3675 725 3712; x_wconf 83' lang='lat' dir='ltr'><strong>comme</strong></span> <span class='ocrx_word' id='word_1_173' title='bbox 737 3675 808 3712; x_wconf 87' lang='lat' dir='ltr'><strong>nous</strong></span> <span class='ocrx_word' id='word_1_174' title='bbox 820 3658 1006 3729; x_wconf 81' lang='lat' dir='ltr'><strong>l’exposerons</strong></span> <span class='ocrx_word' id='word_1_175' title='bbox 1020 3654 1137 3710; x_wconf 75' lang='lat' dir='ltr'><strong>bientist.</strong></span> 
     </span>
    </p>

    <p class='ocr_par' dir='ltr' id='par_1_7' title="bbox 224 3742 584 3815">
     <span class='ocr_line' id='line_1_28' title="bbox 224 3742 584 3815; baseline 0 -15"><span class='ocrx_word' id='word_1_176' title='bbox 224 3743 265 3815; x_wconf 71' lang='lat' dir='ltr'><strong>(d)</strong></span> <span class='ocrx_word' id='word_1_177' title='bbox 284 3742 334 3799; x_wconf 87' lang='lat' dir='ltr'><strong>Gl.</strong></span> <span class='ocrx_word' id='word_1_178' title='bbox 349 3744 419 3801; x_wconf 71' lang='lat' dir='ltr'><strong>iac:</strong></span> <span class='ocrx_word' id='word_1_179' title='bbox 435 3746 464 3798; x_wconf 85' lang='lat' dir='ltr'><strong>r&#39;n</strong></span> <span class='ocrx_word' id='word_1_180' title='bbox 477 3746 584 3800; x_wconf 80' lang='lat' dir='ltr'><strong>itinere.</strong></span> 
     </span>
    </p>

    <p class='ocr_par' dir='ltr' id='par_1_8' title="bbox 186 3831 1256 3977">
     <span class='ocr_line' id='line_1_29' title="bbox 222 3831 1256 3910; baseline -0.001 -22"><span class='ocrx_word' id='word_1_181' title='bbox 222 3835 264 3903; x_wconf 79' lang='lat' dir='ltr'><strong>(s)</strong></span> <span class='ocrx_word' id='word_1_182' title='bbox 281 3831 330 3887; x_wconf 84' lang='lat' dir='ltr'><strong>Gt.</strong></span> <span class='ocrx_word' id='word_1_183' title='bbox 345 3834 417 3888; x_wconf 70' lang='lat' dir='ltr'><strong>int:</strong></span> <span class='ocrx_word' id='word_1_184' title='bbox 432 3853 571 3904; x_wconf 85' lang='lat' dir='ltr'><strong>pauperes</strong></span> <span class='ocrx_word' id='word_1_185' title='bbox 583 3833 685 3910; x_wconf 84' lang='lat' dir='ltr'><strong>effecti.</strong></span> <span class='ocrx_word' id='word_1_186' title='bbox 700 3864 736 3878; x_wconf 89' lang='lat'>-</span> <span class='ocrx_word' id='word_1_187' title='bbox 747 3836 920 3908; x_wconf 79' lang='lat' dir='ltr'><strong>Appauvris,</strong></span> <span class='ocrx_word' id='word_1_188' title='bbox 934 3836 1078 3899; x_wconf 75' lang='lat' dir='ltr'><strong>extenues,</strong></span> <span class='ocrx_word' id='word_1_189' title='bbox 1095 3852 1129 3886; x_wconf 89' lang='lat' dir='ltr'><strong>nc</strong></span> <span class='ocrx_word' id='word_1_190' title='bbox 1141 3832 1256 3887; x_wconf 79' lang='lat' dir='ltr'><strong>sachant</strong></span> 
     </span>
     <span class='ocr_line' id='line_1_30' title="bbox 186 3920 512 3977; baseline -0.006 0"><span class='ocrx_word' id='word_1_191' title='bbox 186 3925 225 3977; x_wconf 88' lang='lat' dir='ltr'><strong>ori</strong></span> <span class='ocrx_word' id='word_1_192' title='bbox 238 3922 349 3975; x_wconf 85' lang='lat' dir='ltr'><strong>donner</strong></span> <span class='ocrx_word' id='word_1_193' title='bbox 362 3920 397 3976; x_wconf 90' lang='lat' dir='ltr'><strong>de</strong></span> <span class='ocrx_word' id='word_1_194' title='bbox 408 3920 432 3976; x_wconf 88' lang='lat' dir='ltr'><strong>la</strong></span> <span class='ocrx_word' id='word_1_195' title='bbox 445 3922 512 3977; x_wconf 74' lang='lat' dir='ltr'><strong>trite,</strong></span> 
     </span>
    </p>

    <p class='ocr_par' dir='ltr' id='par_1_9' title="bbox 224 4009 577 4080">
     <span class='ocr_line' id='line_1_31' title="bbox 224 4009 577 4080; baseline -0.003 -15"><span class='ocrx_word' id='word_1_196' title='bbox 224 4013 265 4080; x_wconf 86' lang='grc'><strong>(6)</strong></span> <span class='ocrx_word' id='word_1_197' title='bbox 283 4009 328 4064; x_wconf 88' lang='lat' dir='ltr'><strong>Gl.</strong></span> <span class='ocrx_word' id='word_1_198' title='bbox 343 4012 395 4065; x_wconf 88' lang='lat' dir='ltr'><strong>int.</strong></span> <span class='ocrx_word' id='word_1_199' title='bbox 409 4035 414 4064; x_wconf 90' lang='lat'>:</span> <span class='ocrx_word' id='word_1_200' title='bbox 431 4009 577 4066; x_wconf 75' lang='lat' dir='ltr'><strong>devastati.</strong></span> 
     </span>
    </p>

    <p class='ocr_par' dir='ltr' id='par_1_10' title="bbox 224 4097 571 4170">
     <span class='ocr_line' id='line_1_32' title="bbox 224 4097 571 4170; baseline -0.012 -16"><span class='ocrx_word' id='word_1_201' title='bbox 224 4102 264 4170; x_wconf 81' lang='grc'><strong>(7)</strong></span> <span class='ocrx_word' id='word_1_202' title='bbox 282 4097 331 4154; x_wconf 84' lang='lat' dir='ltr'><strong>Gi.</strong></span> <span class='ocrx_word' id='word_1_203' title='bbox 345 4098 414 4153; x_wconf 78' lang='lat' dir='ltr'><strong>int:</strong></span> <span class='ocrx_word' id='word_1_204' title='bbox 429 4098 571 4154; x_wconf 77' lang='lat' dir='ltr'><strong>damnum.</strong></span> 
     </span>
    </p>

    <p class='ocr_par' dir='ltr' id='par_1_11' title="bbox 224 4187 780 4260">
     <span class='ocr_line' id='line_1_33' title="bbox 224 4187 780 4260; baseline -0.005 -18"><span class='ocrx_word' id='word_1_205' title='bbox 224 4189 264 4260; x_wconf 81' lang='grc'><strong>(8)</strong></span> <span class='ocrx_word' id='word_1_206' title='bbox 282 4187 332 4243; x_wconf 77' lang='lat' dir='ltr'><strong>Gt,</strong></span> <span class='ocrx_word' id='word_1_207' title='bbox 346 4189 398 4242; x_wconf 87' lang='lat' dir='ltr'><strong>int.</strong></span> <span class='ocrx_word' id='word_1_208' title='bbox 411 4212 415 4239; x_wconf 92' lang='lat'>:</span> <span class='ocrx_word' id='word_1_209' title='bbox 431 4187 644 4253; x_wconf 71' lang='lat' dir='ltr'><strong>habitatoribus,</strong></span> <span class='ocrx_word' id='word_1_210' title='bbox 658 4208 780 4258; x_wconf 76' lang='lat' dir='ltr'><strong>compos.</strong></span> 
     </span>
    </p>
   </div>
   <div class='ocr_carea' id='block_1_5' title="bbox 0 0 1449 4934">
    <p class='ocr_par' dir='ltr' id='par_1_12' title="bbox 0 0 1449 4934">
     <span class='ocr_line' id='line_1_34' title="bbox 0 0 1449 4934; baseline 0 0"><span class='ocrx_word' id='word_1_211' title='bbox 0 0 1449 4934; x_wconf 95' lang='lat' dir='ltr'><strong> </strong></span> 
     </span>
    </p>
   </div>
  </div>
 </body>
</html>
