2888 4934
191 441 299 520 [noo]
561 435 678 499 urm
698 433 884 497 nunnus.
1207 436 1245 491 91

190 570 360 658 nitioues,
373 590 462 664 quas
473 569 510 638 in
520 567 633 640 Gallia
646 566 863 666 possidebat,
874 566 1031 665 expetiit,
1048 563 1168 662 ibique
1181 569 1248 638 mi-

190 708 255 756 nas
278 698 314 754 et
336 681 602 755 maledictiones
625 680 904 754 malivolentium
927 695 1022 753 tutus
1044 681 1161 752 irrisit.
1185 682 1251 754 Hic

192 797 391 886 Adelidem,
405 796 515 869 liliam
529 797 681 887 Ricardi,
698 796 744 868 de
757 795 900 868 sublimi
910 795 1076 894 prosapia
1092 794 1251 868 Gisardo·

191 939 287 1002 rum,
298 913 487 1009 conjugem
496 912 632 1002 habuit,
645 937 724 1009 quae
733 911 974 1009 Hugonemde
982 912 1074 1000 Pice,
1087 913 1253 984 strenuis·

189 1030 322 1100 simum
351 1028 518 1114 militem,
548 1029 676 1099 marito
707 1052 773 1098 suo
798 1028 948 1126 peperit.
982 1027 1144 1124 Denique
1172 1042 1254 1125 post

190 1143 324 1215 multos
344 1166 459 1213 anuos
479 1142 670 1215 Ierusalem
688 1142 846 1239 expetiit,
865 1155 900 1213 et
924 1142 961 1212 in
982 1142 1040 1212 via
1057 1141 1124 1213 Dei
1140 1142 1253 1240 poeni-

191 1275 269 1331 tens
286 1258 487 1330 Gualterius
504 1257 605 1329 obiit.

237 1377 313 1446 XV.
330 1378 434 1446 Anno
445 1374 564 1472 itaque
578 1373 624 1445 ab
638 1373 884 1446 incarnatione
896 1373 1043 1444 Domini
1055 1380 1152 1463 r1⁰c⁰,
1168 1372 1253 1444 seria

190 1490 336 1585 quinta,
355 1495 406 1560 Ν)
420 1512 535 1562 nonas
551 1490 708 1586 augusti,
728 1488 936 1561 Guillelmus
955 1488 1063 1559 Rufus
1082 1489 1118 1559 in
1137 1493 1263 1560 Nova·-

189 1607 334 1676 Foresta
348 1605 419 1675 ictu
434 1605 566 1701 sagittae
578 1620 741 1676 mortuus
754 1621 819 1695 est,
831 1620 1022 1703 postquam
1037 1629 1088 1676 rur
1100 1605 1202 1675 annis
1219 1618 1255 1675 et

188 1743 281 1816 pene
294 1746 317 1789 x
332 1719 513 1791 mensibus
525 1745 635 1817 regno
646 1720 776 1817 Angliae
787 1722 921 1818 potitus
931 1735 998 1791 est.
1013 1721 1185 1791 Henricns
1195 1744 1255 1790 au·

189 1849 275 1922 tem,
296 1859 379 1904 cum
399 1834 601 1925 Rodherto,
617 1838 749 1907 comite
763 1835 808 1908 de
825 1835 1012 1924 Melicum,
1029 1835 1252 1907 Lundoniam

189 1951 409 2048 properavit,
428 1966 464 2023 et
480 1951 666 2023 dominico
684 1951 845 2049 sequenti
863 1952 893 2046 (l
904 1953 932 2048 )‚
952 1951 1049 2049 apud
1066 1955 1254 2022 Gnestmo-

189 2066 397 2155 hasterium,
409 2066 444 2136 in
455 2066 598 2139 basilica
610 2070 720 2138 sancti
735 2068 827 2137 Petri
840 2066 1007 2164 apostoli,
1022 2066 1138 2162 regale
1150 2081 1255 2137 stem·

188 2204 246 2251 ma
264 2181 321 2276 (2)
346 2184 514 2281 suscepit,
537 2207 691 2280 eumque
708 2181 920 2255 venerahilis
936 2184 1138 2272 Mauricius,
1157 2186 1253 2251 Lun-

188 2293 373 2368 doniensis
389 2298 591 2396 episcopus,
608 2299 842 2370 consecravit.
859 2297 1044 2370 Anselmus
1059 2298 1168 2386 enim,
1184 2300 1255 2368 Do-

187 2409 671 2513 roherniaearehiepiscopus,
683 2428 724 2486 ut
735 2413 988 2512 supradictum
999 2429 1064 2503 est,
1075 2413 1251 2502 erulahau

187 2523 343 2599 Thomas
358 2552 459 2619 vero,
479 2527 714 2601 Eboracensis
732 2529 1040 2629 archiepiscopus,
1060 2554 1178 2626 nuper
1193 2527 1255 2600 de·

188 2642 332 2716 functus
348 2645 462 2717 suerat
477 2646 547 2742 (3),
562 2660 598 2718 et
609 2645 884 2745 metropolitana
897 2646 1000 2718 sedes
1012 2645 1130 2717 adhuc
1142 2667 1253 2715 vaca-

187 2753 1254 2857 hat.Trigintaannorumeratllenricus,cumregnarecoepis-

188 2887 252 2964 set,
267 2888 305 2947 et
314 2899 412 2946 xxxv
425 2878 528 2949 annis
542 2890 577 2949 et
590 2901 625 2948 rv
639 2876 820 2949 mensibus
832 2877 991 2974 regnavit
1004 2875 1072 2972 (4).
1086 2875 1150 2945 Hic
1161 2876 1255 2946 inter

188 3012 360 3088 prospera
377 3006 414 3063 et
430 2991 579 3064 adversa
591 3017 740 3089 reguum
757 2992 823 3063 sihi
838 2991 1007 3063 divinitus
1021 2990 1253 3062 commissum
1301 3042 1304 3051 «

221 3287 263 3358 (t)
281 3285 320 3340 Ie
332 3284 483 3340 dimanche
497 3289 514 3342 t
526 3286 603 3342 aoirt.

221 3375 262 3444 (2)
281 3372 330 3428 Gl.
346 3373 418 3428 int:
434 3392 565 3429 coronam
580 3376 625 3430 vel
635 3385 837 3431 ornamentum.

222 3462 263 3532 (3)
280 3461 348 3516 Ceci
361 3471 404 3517 est
417 3461 547 3518 inexact:
565 3463 758 3538 l'archeveque
775 3462 880 3519 d’Yorlr
897 3483 933 3520 ne
951 3473 1068 3520 mourut
1084 3462 1148 3537 qu'a
1168 3461 1195 3516 la
1215 3462 1253 3516 lin

189 3547 224 3603 de
235 3549 400 3604 novembre.

221 3640 245 3695 Il
257 3641 329 3696 n'cst
341 3658 390 3713 pas
401 3640 493 3696 meme
504 3641 553 3696 uir
565 3661 620 3716 que
634 3644 758 3698 Thomas
770 3643 839 3699 n'ait
850 3646 929 3716 point
942 3645 1039 3699 assiste
1050 3660 1086 3696 au
1097 3658 1253 3695 couronne·

190 3737 265 3782 ment
278 3727 314 3782 de
328 3729 433 3794 Henri,
448 3739 476 3783 et
490 3730 560 3785 n'ait
572 3749 621 3803 pas
633 3731 711 3803 place
723 3729 749 3784 la
762 3749 906 3787 courouue
919 3749 966 3786 sur
978 3730 1003 3785 la
1019 3730 1074 3786 tite
1087 3727 1127 3782 du
1139 3729 1250 3800 prince,

189 3819 267 3888 apres
291 3834 348 3890 que
371 3815 506 3872 l'onction
529 3818 623 3892 royale
645 3818 686 3874 lui
709 3829 758 3875 eut
777 3822 823 3875 ete
844 3822 972 3876 eonse'ree
996 3838 1048 3893 par
1070 3818 1196 3892 leveque
1218 3817 1253 3873 de

188 3903 319 3959 londres.
334 3904 374 3959 Ce
387 3904 454 3977 qu'il
467 3924 485 3978 y
498 3923 514 3958 a
527 3907 562 3962 de
574 3906 771 3980 parlaitement
784 3909 902 3980 certain,
917 3909 983 3963 c'est
994 3926 1050 3982 que
1062 3905 1252 3978 t’archeveque

188 3990 292 4046 d'York
304 4009 341 4046 ne
351 4005 468 4050 mourut
480 4013 536 4068 que
548 3995 575 4050 le
586 3995 736 4050 dimanche
750 3999 784 4054 28
798 3996 950 4050 novembre
963 3997 1080 4053 suivant.

221 4082 261 4153 (l)
278 4081 333 4137 Des
346 4081 459 4138 chiffres
471 4094 522 4139 ont
539 4086 583 4138 ete
599 4087 716 4157 grattes,
734 4096 763 4139 et
778 4085 817 4139 les
831 4088 871 4140 six
884 4086 1010 4139 derniers
1023 4095 1095 4140 mots
1110 4106 1115 4137 :
1130 4084 1252 4155 quinque

188 4173 270 4225 annis
284 4179 312 4225 et
323 4181 444 4244 quatuor
456 4172 598 4228 mensibus
611 4176 748 4245 regnavit,
762 4176 847 4230 ecrits
860 4176 940 4247 apres
952 4191 1034 4245 coup.
