3140 5076
352 499 411 558 svs
626 497 807 558 44444444
831 497 1137 564 4444444444.
1166 507 1300 581 [mmm
1316 509 1406 587 4444]

350 647 385 701 et
406 655 429 702 a
456 629 628 702 Tedboldo
649 633 772 702 comite
796 655 903 730 usque
930 632 1032 706 hodie
1055 650 1210 708 retentus
1229 652 1301 723 est,
1331 637 1408 709 44444

349 771 428 816 eum
446 745 632 820 multitudo
646 771 834 845 procerum
849 773 897 819 ee
913 765 1020 846 porte
1035 775 1115 824 mea
1128 777 1221 851 sepe
1230 779 1304 851 pro
1322 751 1406 826 lilto-

350 867 487 935 ratione
510 867 647 936 oornitis
672 864 875 960 mppliciter
900 870 1119 964 requisierit,
1150 885 1185 942 et
1212 883 1286 941 toto
1313 885 1407 942 terro

348 978 425 1074 ejtu
439 977 484 1048 ab
498 981 669 1076 episcopis
682 979 981 1052 onadtemotizoto
994 985 1053 1054 sit.

396 1097 558 1191 Cumque
587 1119 648 1166 rex
668 1091 744 1167 lraec
764 1110 800 1167 et
824 1095 880 1168 his
903 1097 1029 1170 similia
1050 1098 1213 1188 dixisset,
1241 1115 1278 1173 et
1300 1101 1407 1173 Gulli·

347 1230 437 1282 cane
455 1212 582 1282 444444
600 1231 760 1284 veracem
779 1212 854 1308 ejus
872 1214 1072 1288 4444444444
1089 1214 1286 1311 allegasset,
1305 1218 1409 1290 Gois·

348 1325 480 1412 liedus,
496 1328 762 1422 Rotomsgeusis
773 1329 1072 1429 archiepiscopus,
1084 1356 1167 1404 cum
1177 1331 1407 1429 suffraganeis

346 1443 522 1542 episcopis
538 1459 574 1517 44
590 1442 786 1536 abbatibus,
803 1446 964 1539 surrexit,
982 1461 1016 1520 et
1030 1471 1097 1546 pro
1111 1471 1193 1544 rege
1211 1448 1406 1546 inglorum

346 1558 602 1632 rationabiliter
615 1559 832 1658 respondere
848 1562 968 1660 coepit.
988 1563 1133 1651 Verum,
1152 1577 1233 1635 orto
1250 1563 1405 1636 tumultu

346 1673 592 1748 dissidentium
619 1675 855 1774 interceptus,
881 1677 1071 1766 conticuit,
1100 1680 1183 1776 quio
1208 1675 1280 1749 illic
1305 1679 1405 1750 multi

345 1789 493 1863 aderant
510 1790 752 1881 inimicorum,
774 1791 904 1889 quibus
925 1795 1104 1868 excusatio
1125 1817 1193 1892 pro
1210 1795 1405 1868 victorioso

343 1904 505 2006 principe
521 1905 708 2004 displicuit.

392 2023 529 2092 luteres
543 2019 776 2116 Hildegerdis,
794 2019 973 2093 comitisse
990 2022 1217 2094 Pictsvorum
1231 2021 1303 2118 (l),
1322 2045 1404 2093 cum

343 2137 415 2207 suis
430 2136 648 2236 pedissequis
664 2138 852 2235 processit,
871 2152 907 2210 et
923 2137 1012 2231 elts,
1031 2137 1197 2235 clareque
1212 2161 1301 2209 voce
1320 2161 1407 2235 qus·

344 2250 533 2324 simoniam
561 2275 663 2324 44444
690 2251 901 2349 eloquenter
934 2251 1122 2343 enodavit,
1155 2275 1263 2350 quem
1296 2275 1406 2326 omne

341 2364 533 2438 concilium
560 2367 746 2463 diligenter
771 2367 1014 2440 auscultavit:
1041 2393 1078 2442 44
1107 2366 1285 2466 siquidem
1315 2367 1405 2438 dixit

340 2479 505 2586 44444444
523 2505 590 2552 suo
606 2505 682 2554 esse
700 2480 924 2575 derelictum,
948 2483 1086 2581 sibique
1106 2482 1402 2580 lielbergiouem,

341 2593 556 2666 vicecomitis
583 2594 629 2668 de
660 2595 812 2668 Custello
837 2597 968 2671 Airuldi
993 2599 1202 2695 conjugem,
1224 2598 1261 2668 in
1295 2595 1404 2668 444444

340 2724 577 2806 surrogstem3
599 2734 754 2808 cumque
775 2715 871 2810 Papa
886 2713 1121 2810 interrogaret
1138 2726 1260 2784 utru-
1276 2711 1405 2784 444444

340 2825 554 2900 Picteveusis
586 2826 785 2902 secundum
820 2853 926 2901 suum
959 2827 1118 2902 edictum
1147 2825 1193 2900 ad
1222 2826 1404 2922 synodum

372 3087 413 3161 (4)
432 3087 532 3144 c‘euit
550 3087 576 3143 14
592 3086 711 3144 seconde
727 3089 829 3144 4444444
845 3088 882 3144 (44
896 3087 1060 3145 Guillsume
1073 3087 1146 3158 vn,
1162 3089 1294 3161 seigneur
1308 3105 1403 3144 444444

337 3193 388 3248 par
402 3174 544 3232 l'extreme
558 3176 681 3251 tegeret
692 3175 728 3232 de
743 3194 785 3232 444
801 3193 915 3234 moeurs.
930 3177 968 3232 La
979 3177 1131 3250 premiere,
1148 3175 1297 3250 Philippe,
1313 3177 1404 3232 s’etsit

338 3264 553 3336 separemeni,
568 3276 597 3321 et
608 3266 711 3322 retiree
721 3267 736 3320 4
747 3265 925 3322 Fontevnud
933 3283 969 3321 en
981 3269 1062 3324 44444.
1075 3265 1124 3322 04
1132 3281 1168 3320 44
1177 3264 1230 3320 4444
1239 3280 1288 3336 pse
1296 3263 1403 3340 quelles

338 3353 423 3408 444444
433 3365 533 3410 444444
544 3354 584 3411 les
595 3353 788 3410 reclamatione
798 3343 1009 3427 d'llildegnrde'.
1022 3354 1101 3409 Nous
1111 3371 1147 3408 44
1159 3369 1279 3427 pentorn
1288 3371 1338 3426 pm
1348 3372 1402 3428 que

337 3439 527 3517 Msubergeon
544 3442 588 3499 444
602 3441 629 3498 la
641 3443 743 3500 4444444
758 3442 797 3498 du
809 3443 930 3499 44444444
941 3443 977 3498 de
987 3441 1199 3500 Chdtellereult.
1212 3441 1287 3498 C’est
1299 3441 1402 3516 probs·

336 3527 461 3586 blement
468 3529 494 3586 le
503 3533 622 3604 ports-eit
631 3531 934 3606 decettsdsmequele
940 3540 1031 3587 comte
1039 3530 1143 3604 porteit
1150 3547 1257 3586 surson
1265 3527 1401 3586 bouclier.

372 3619 398 3674 11
412 3619 514 3676 4444144
526 3619 574 3676 des
588 3621 753 3677 recherches
765 3620 801 3676 de
814 3631 895 3676 44444
909 3630 1003 3674 444444
1018 3619 1083 3689 ami,
1097 3620 1136 3674 M.
1152 3617 1275 3692 leopold
1287 3617 1400 3682 Deliele,

336 3706 435 3764 surlet
448 3707 528 3763 titres
536 3709 691 3782 originitus,
704 3710 786 3784 qu‘eu
796 3712 877 3775 4499,
887 3708 1004 3776 Aimeri,
1016 3708 1135 3762 vicomte
1143 3706 1180 3762 de
1188 3704 1400 3772 Clsitellersult

336 3799 408 3854 44444
419 3815 491 3872 pour
502 3795 605 3853 4444444
618 3799 786 3873 4444544444.
800 3797 843 3867 Si,
858 3800 990 3862 444449,
1006 3813 1034 3850 44
1048 3795 1152 3851 lemme
1163 3792 1306 3868 s’appelsit
1320 3794 1401 3848 4444-

335 3887 470 3962 hergecu,
484 3901 516 3941 ce
529 3885 580 3941 tait
590 3903 625 3942 44
638 3899 705 3960 peut
716 3887 884 3963 s'expliquer
894 3903 949 3960 que
960 3903 1011 3959 per
1022 3903 1061 3939 44
1073 3883 1175 3940 second
1187 3883 1319 3958 maringe,
1331 3881 1401 3937 dont

336 3974 356 4031 il
368 3993 404 4031 44
417 3975 501 4031 444444
513 3991 561 4048 pse
573 3977 646 4030 reste
658 3974 780 4032 d'nutres
791 3987 891 4031 444444.

370 4065 407 4119 La
427 4063 560 4120 4444441444
577 4061 642 4119 dete
661 4063 697 4120 de
717 4063 742 4118 14
761 4065 860 4119 charte
875 4063 915 4119 du
931 4063 1051 4118 44444444
1072 4062 1180 4118 Aimeri
1198 4079 1234 4115 44
1255 4061 1350 4115 444444
1365 4057 1400 4112 ‹le

335 4149 457 4226 l’abbrye
474 4152 510 4209 de
526 4152 702 4210 Sciet-lienis
722 4153 790 4208 4’444
807 4169 855 4225 pas
867 4154 953 4223 4449,
967 4167 1075 4208 commo
1091 4147 1124 4204 Ι’4
1139 4149 1239 4204 444444
1257 4147 1282 4203 44
1294 4147 1326 4202 Ρ.
1339 4147 1399 4200 ,44-

337 4239 434 4308 selme,
450 4241 520 4298 444444
534 4245 611 4299 tlte.
