3130 5058
119 531 229 609 [ms]
461 525 840 590 transcurremus.
1119 531 1180 592 aso

121 664 258 734 tionem
290 658 475 758 compulit.
506 659 682 750 Tandem,
713 660 960 734 auxiliatorum
991 659 1176 758 precibus,

121 776 277 850 obsessis
295 775 465 874 pepercit.
485 776 572 848 Vitae
591 775 738 874 quidem
759 775 913 872 indignis
932 775 1180 874 impunitatem

121 890 241 982 dedit,
264 889 328 964 sed
348 890 584 964 munitionem
602 891 752 964 omnino
770 889 952 963 destruxit.
974 891 1078 963 Unde
1092 891 1180 964 vici·

120 1008 177 1079 nis
193 1004 409 1104 pagensibus
421 1020 456 1078 et
468 1007 664 1080 viatoribus
677 1008 801 1106 ingens
815 1005 983 1080 exultatio
995 1005 1071 1079 fuit.
1091 1009 1182 1078 Gor·

120 1147 254 1194 nacum
280 1122 387 1194 etiam
415 1146 522 1222 super
548 1125 743 1196 Maternam
767 1121 926 1213 obsedit,
955 1137 990 1195 et
1016 1123 1182 1196 obsessos

119 1237 272 1336 penuria
289 1237 392 1336 panis
408 1237 513 1310 valde
535 1240 718 1313 coartavit.
742 1239 833 1312 lllud
854 1239 987 1338 quippe
1006 1243 1109 1336 Hugo
1135 1237 1182 1314 de

120 1352 287 1443 creceio,
306 1350 399 1424 filius
415 1352 590 1426 Guidonis
607 1353 735 1445 liubri,
757 1353 918 1446 tenebat,
939 1379 1007 1428 nec
1023 1377 1090 1454 pro
1103 1354 1180 1450 jus·

121 1465 224 1538 sione
240 1467 332 1564 regis
347 1466 599 1542 Guarlandinis
614 1469 821 1562 heredibus,
840 1472 902 1568 qui
917 1468 1183 1544 calumniaban-

119 1595 179 1653 tur
194 1579 302 1673 illud,
322 1581 475 1656 reddere
490 1582 633 1656 volebat
648 1586 662 1684 (
687 1586 713 1682 ).

170 1695 336 1783 Quadam
350 1695 422 1789 die,
436 1697 639 1773 Tedbaldus
650 1725 771 1774 comes
782 1725 866 1774 cum
878 1701 1049 1776 militibus
1061 1699 1183 1774 multis

120 1809 166 1882 ad
192 1813 309 1883 rivum
334 1814 471 1886 Torceii
496 1813 551 1912 (2)
577 1817 694 1907 venit,
718 1832 754 1889 et
779 1833 905 1890 contra
930 1818 1046 1916 regios
1070 1830 1183 1890 coetus

118 1927 313 2026 confligere
338 1930 458 2029 coepit.
487 1931 558 2004 Sed
585 1932 856 2031 prevalentibus
880 1933 970 2024 illis,
997 1931 1122 2006 consul
1147 1947 1184 2008 et

118 2040 444 2142 commanipulares
472 2044 549 2142 ejus
578 2060 676 2145 terga
703 2061 842 2121 vertere
867 2049 981 2123 coacti
1010 2063 1114 2139 sunt,
1146 2063 1183 2122 et

119 2158 296 2256 usquead
313 2159 500 2233 introitum
520 2162 687 2234 [atiniaci
705 2163 814 2262 bigati
829 2179 929 2254 suut,
951 2161 1126 2262 multique
1143 2164 1181 2238 in

119 2273 232 2348 vineis
252 2288 289 2346 et
309 2273 454 2374 sepibus
475 2274 651 2350 latitantes
670 2279 766 2378 capti
784 2293 881 2352 sunt.
904 2279 1100 2378 Municipes
1120 2280 1182 2378 igi·

119 2402 177 2461 tur
196 2389 305 2462 nimis
329 2391 442 2463 territi
461 2406 562 2482 sunt,
586 2407 622 2466 et
644 2416 730 2466 mox
752 2417 843 2493 pace
864 2393 957 2468 facta
980 2418 1057 2469 sese
1083 2392 1182 2468 dedi·

117 2501 263 2578 derunt.

167 2619 337 2693 Praeiatus
345 2621 485 2715 consul,
501 2649 626 2722 regum
639 2639 675 2698 et
685 2628 859 2699 comitum
870 2629 1041 2725 sanguine
1052 2650 1181 2725 propa·

116 2748 237 2831 gatus,
261 2737 354 2808 inter
372 2739 571 2838 praecipuos
589 2740 784 2814 Galliarum
801 2743 990 2841 optimates
1008 2738 1176 2830 florebat,

114 2849 250 2923 divitiis
274 2876 317 2925 ac
340 2856 501 2952 potentia
524 2871 560 2929 et
582 2855 766 2954 spectabili
789 2856 974 2930 nobilitate
1000 2853 1176 2956 pollebat,

113 2965 355 3067 hominesque
379 2971 512 3045 multos
535 2987 700 3070 potentes
724 2987 761 3045 et
784 2997 895 3045 saevos
919 2970 1092 3061 habebat,
1117 2971 1180 3068 qui

113 3081 378 3156 contribulibus
391 3086 464 3157 suis
477 3100 584 3184 atque
596 3087 720 3159 vicinis
733 3087 931 3160 admodum
943 3085 1179 3158 adversaban-

113 3210 186 3270 tur.
199 3200 364 3286 Quorum
376 3200 536 3299 quidam,
548 3217 656 3300 prout
666 3226 973 3302 operumsuorum
983 3201 1178 3300 specimina

111 3311 379 3410 publicabatur,
404 3339 472 3388 nec
494 3319 629 3406 Deum,
652 3342 720 3390 nec
742 3316 909 3388 homines
933 3330 1178 3415 competenter

147 3555 190 3625 (l)
207 3553 312 3628 lingue
327 3554 363 3610 de
377 3553 534 3612 llochelort
550 3575 587 3614 ou
604 3557 639 3612 de
655 3557 826 3630 Montlberi‚
839 3559 939 3615 second
955 3559 997 3614 lile
1009 3559 1044 3615 de
1059 3557 1176 3616 Gui-lc-

112 3643 231 3716 linuge,
253 3645 384 3717 seigneur
401 3643 437 3699 de
455 3645 535 3700 Greci
556 3665 591 3702 en
610 3647 685 3714 Bsie,
704 3646 740 3702 de
755 3645 874 3702 Gomets
889 3647 966 3704 etde
980 3649 1175 3720 Chiteaulort,

110 3729 244 3786 aendcbal
255 3729 290 3786 de
302 3731 409 3786 Franco
422 3734 502 3806 apres
514 3751 563 3789 son
579 3735 645 3807 pere
656 3745 685 3789 et
697 3745 778 3788 avant
789 3737 900 3791 Ansean
911 3736 946 3790 de
959 3735 1109 3806 Gariande,
1126 3757 1176 3794 son

109 3817 290 3890 beau-irem,
313 3837 342 3874 se
361 3819 459 3875 souilla
481 3839 531 3894 par
550 3831 642 3876 tontes
658 3833 744 3878 sortes
761 3820 920 3879 d'atrocites
940 3823 1009 3880 dans
1027 3844 1057 3880 sa
1076 3843 1176 3898 guerre

109 3917 212 3962 contre
225 3907 447 3978 louis-le-Gros,
460 3919 498 3978 et,
514 3911 593 3983 apris
605 3911 681 3966 avoir
692 3913 737 3965 ete
748 3910 841 3984 obligd
852 3911 888 3968 de
900 3911 1000 3968 rendre
1011 3917 1027 3967 a
1039 3932 1070 3968 ce
1080 3915 1176 3986 prinae

108 3997 137 4053 le
150 3997 269 4052 chereas
287 3997 323 4051 de
337 3996 662 4068 Goumai-sur-llame,
678 4001 736 4072 prit
751 3998 776 4054 le
793 4001 852 4056 froc
868 4001 936 4058 dans
950 4021 1005 4058 une
1021 4004 1125 4077 abbaye
1141 4004 1176 4059 de

108 4083 218 4140 l'ordre
230 4085 267 4142 de
278 4085 396 4142 Citeaux
409 4105 470 4142 vers
482 4091 562 4146 lllB.

147 4169 188 4244 (2)
208 4169 345 4228 lluiaaeau
357 4183 438 4230 entre
451 4175 536 4231 Torci
549 4185 578 4230 et
590 4174 786 4254 Gonrerne,·l
801 4175 899 4233 l’ouost
914 4177 949 4233 de
966 4179 1067 4252 Lagni,
1086 4183 1100 4232 l
1116 4180 1176 4236 l'est

108 4258 146 4314 de
157 4257 298 4315 Goumai.

184 4375 234 4422 ιν.
1005 4359 1053 4432 49
