3256 5048
307 516 328 576 6
579 513 765 574 HISTORIA
788 511 1098 575 ECCLESIASTICA.
1164 517 1369 594 [titt-1112]

306 645 344 716 in
363 644 451 717 urbe
468 643 588 717 subito
605 658 810 743 peremptos
826 667 902 716 esse
920 642 1087 735 diximus,
1104 643 1208 716 multi
1224 643 1364 717 flevere.

306 765 406 834 ‘lunc
423 765 530 860 Papa,
545 760 665 833 solerti
681 759 846 832 custodia
860 759 1039 848 detentus,
1054 760 1226 858 omnique
1241 760 1367 834 solatio

306 877 511 966 destitutus,
529 877 739 975 Imperatori
756 874 928 973 quicquid
942 875 1092 974 petierat
1110 873 1286 948 concessit
1298 875 1364 972 (l).

307 993 424 1085 Unde,
437 993 552 1066 abillo
562 994 741 1085 dimissus,
754 994 873 1066 multis
881 994 1115 1093 postmodum
1125 995 1229 1066 vilior
1239 996 1364 1067 extitit.

305 1115 396 1183 Nam
413 1109 613 1183 liodbertus
631 1111 852 1200 Parisiensis,
872 1107 988 1182 Gualo
1004 1111 1195 1209 episcopus
1210 1113 1368 1182 leonen-

303 1227 351 1298 sis
365 1225 435 1323 (2),
451 1240 487 1297 et
503 1225 655 1298 Poncius
672 1224 782 1297 abbas
796 1224 1037 1297 cluniacensis
1048 1225 1116 1322 (3),
1138 1225 1269 1322 aliique
1285 1223 1369 1322 plu-

304 1365 360 1413 res
385 1340 432 1413 de
450 1339 697 1413 Cardinalibus
723 1355 759 1415 et
778 1340 930 1439 prelatis
955 1340 1208 1428 ecclesiarum,
1235 1343 1367 1437 Papam

303 1454 578 1554 redarguebant,
589 1470 623 1529 et
636 1456 808 1554 quicquid
819 1456 1029 1555 Imperatori
1041 1455 1151 1528 verbo
1164 1481 1225 1528 scu
1236 1454 1368 1552 scripto

303 1587 541 1662 concesserat,
562 1573 703 1674 irritum
720 1597 797 1646 esse
815 1572 961 1662 debere,
981 1571 1227 1644 indubitanter
1244 1595 1368 1644 cense-

301 1685 403 1761 bant.
431 1686 648 1760 Asscrcbant
671 1689 769 1760 enim
796 1686 896 1785 quod
921 1711 988 1786 pro
1007 1689 1153 1760 veritate
1179 1701 1215 1758 et
1235 1685 1369 1783 justitia

303 1802 484 1877 debuisset
517 1819 644 1905 optare
669 1804 785 1895 mori,
813 1817 850 1876 et
873 1826 989 1901 usque
1012 1802 1060 1874 ad
1086 1817 1241 1874 mortem
1268 1802 1370 1873 inno·

304 1933 443 1990 center
464 1917 646 1990 Christum
682 1917 799 2017 sequi,
832 1919 989 2015 satisque
1024 1915 1130 1989 malle
1161 1915 1303 1987 vincula
1334 1927 1370 1985 et

304 2031 415 2130 flagra
432 2034 590 2131 perpeti,
610 2057 720 2131 quam
739 2031 875 2130 aliquid
894 2048 1019 2105 contra
1035 2032 1092 2128 jus
1113 2047 1148 2103 et
1163 2044 1292 2103 statuta
1310 2032 1372 2099 Pa·

306 2163 403 2220 trum
421 2148 590 2247 potestati
608 2171 768 2219 annuere
786 2147 957 2218 saeculari.
978 2146 1041 2218 lile
1062 2171 1149 2219 vero
1173 2145 1368 2246 reprehen-

307 2263 427 2336 siones
441 2263 681 2363 sophistarum
703 2261 879 2363 patienter
893 2259 1082 2352 tolerabat,
1103 2276 1139 2332 et
1158 2261 1371 2332 assertiones

308 2403 435 2453 eorum
448 2378 621 2477 legitimas
634 2402 677 2451 ac
691 2401 836 2450 veraces
851 2400 929 2449 esse
946 2373 1131 2474 allegabat.
1153 2377 1232 2446 Non
1256 2372 1370 2445 multo

308 2509 390 2592 post
411 2493 612 2567 Concilium
632 2493 884 2592 episcoporum
904 2494 1024 2562 Romae
1047 2489 1276 2587 congregavit
1296 2487 1369 2584 (lt),

255 2830 259 2842 ¹
342 2851 383 2920 (4)
398 2845 421 2902 ll
435 2847 519 2902 serait
534 2845 598 2902 bien
610 2845 678 2920 long
689 2844 725 2900 de
736 2843 858 2918 signaler
871 2854 934 2899 tout
947 2861 978 2898 ce
990 2859 1046 2917 que
1057 2859 1089 2896 ce
1103 2856 1216 2914 passage
1232 2837 1372 2893 reniermc

308 2933 550 2994 d‘inexactitudes.
565 2937 643 2994 Nous
654 2952 725 2991 nous
739 2943 938 2990 contentarum
952 2931 988 2988 de
1000 2931 1129 3005 direque
1142 2929 1167 2984 la
1177 2925 1254 2984 bulle
1267 2946 1317 3000 par
1329 2925 1371 2981 la·

308 3025 401 3102 quelle
411 3025 438 3080 le
449 3025 523 3100 Pape
534 3044 564 3081 se
576 3025 655 3099 preto
666 3043 719 3080 aux
733 3023 880 3096 exigences
891 3020 927 3076 de
938 3020 1112 3094 l’Empereur
1124 3017 1193 3073 dans
1204 3016 1228 3071 la
1241 3015 1370 3089 question

308 3114 357 3171 dea
374 3113 551 3170 investitores
565 3121 645 3186 porte
657 3112 683 3167 la
695 3111 759 3168 date
771 3110 811 3166 du
820 3113 850 3167 44
868 3107 947 3178 avril,
961 3119 990 3164 et
1002 3109 1072 3184 qu'il
1085 3121 1229 3162 couronna
1241 3101 1330 3160 Henri
1345 3101 1371 3156 le

308 3201 478 3261 lendemaiu.

344 3294 383 3370 (2)
402 3293 510 3350 Robert
520 3290 556 3346 de
567 3291 647 3346 Paris
659 3292 749 3364 par-ait
764 3291 842 3347 avoir
858 3291 903 3345 dte
920 3289 1047 3344 e'miueut
1061 3284 1130 3340 dans
1148 3282 1174 3340 la
1185 3280 1369 3355 disiectique;

309 3403 345 3441 on
367 3402 403 3438 ne
423 3382 449 3438 le
465 3382 579 3437 connait
593 3397 648 3456 que
665 3399 715 3454 par
735 3398 791 3436 atne
810 3389 909 3435 courte
924 3377 1049 3433 mention
1070 3374 1139 3430 dans
1158 3391 1189 3428 ce
1206 3388 1284 3444 sens,
1303 3369 1370 3425 d'nn

308 3475 449 3548 fragment
460 3471 606 3528 d'bistoire
624 3470 658 3525 dc
671 3471 777 3526 Franco
793 3489 857 3526 sous
870 3466 1099 3526 Lusis-le-Gros.
1114 3464 1188 3520 Hist.
1203 3461 1239 3518 de
1253 3463 1369 3526 Fretum,

308 3575 331 3620 t.
354 3563 427 3628 XII,
442 3581 472 3634 p.
495 3567 521 3618 3.
537 3590 575 3603 -
594 3559 721 3626 Gaulum
743 3559 847 3633 eaeque
865 3558 900 3613 de
919 3553 1217 3618 Saint-Polde-Leon,
1239 3549 1335 3606 assiste
1355 3551 1370 3603 a

309 3656 383 3713 deux
403 3650 547 3708 de'dicuces
567 3651 647 3708 laites
665 3669 716 3724 par
734 3649 838 3707 Caliste
854 3651 882 3704 ll
901 3667 936 3704 en
955 3650 1035 3705 4449.
1055 3675 1092 3690 ·-
1109 3645 1221 3711 Ponce,
1243 3640 1314 3696 abbe
1335 3637 1371 3694 de

309 3745 412 3812 Cluni;
435 3759 506 3798 nous
525 3759 629 3797 aurona
650 3742 777 3796 occasion
796 3737 832 3792 de
855 3739 965 3793 revenir
990 3735 1114 3808 ci·apres
1135 3751 1183 3790 sur
1204 3749 1235 3786 ce
1254 3747 1370 3804 person·

308 3850 390 3905 uage.

345 3920 384 3996 (3)
404 3919 493 3977 Notre
511 3928 611 3974 auteur
628 3916 723 3973 oublie
742 3917 777 3974 de
792 3917 872 3984 citer,
888 3914 978 3990 parmi
995 3913 1035 3970 les
1051 3912 1114 3986 pius
1131 3908 1248 3965 violenta
1261 3905 1370 3959 detrac-

308 4019 386 4068 teurs
398 4008 437 4063 du
447 4005 531 4082 Pape,
544 4005 681 4076 (imiimi,
691 4006 763 4063 abbe
775 4005 810 4061 de
822 4001 971 4061 Venddme
983 4013 1012 4058 et
1025 3997 1167 4066 CardinaL
1179 3998 1248 4053 mais
1260 4002 1372 4048 surtout

307 4099 439 4166 Brauon,
454 4096 560 4172 eaeque
573 4095 609 4151 de
621 4095 701 4170 Signi
719 4105 748 4150 ct
766 4091 838 4151 abbe
854 4089 893 4149 dn
912 4091 1118 4159 Maur-Cassio,
1135 4088 1185 4163 qui
1204 4084 1247 4140 lut
1265 4081 1290 4138 le
1308 4081 1371 4157 plus

307 4188 436 4260 emportei
447 4185 483 4241 de
496 4195 569 4240 totu.

343 4273 385 4348 (4)
405 4275 441 4330 Le
454 4275 489 4331 28
504 4288 576 4329 ntars
589 4277 669 4330 tata.
