2888 4934
191 401 249 462 138
464 388 648 455 HISTORIA
671 395 976 457 ECCLESIASTICI.
1037 401 1245 479 [noa-1109]

189 528 418 626 Babyloniam
429 542 614 614 venerunt,
627 527 760 623 ibique,
779 542 886 625 prout
899 526 992 624 leges
1004 528 1165 624 gentium
1179 533 1245 603 exi·

189 661 296 740 gunt,
312 659 440 717 statuta
456 641 637 740 vectigalia
659 643 861 742 reipublicae
880 645 1049 716 ministris
1075 647 1243 721 reddide-

189 775 291 850 runt,
319 761 353 833 et
377 758 510 830 diutius
533 757 707 829 demorati
736 775 830 832 sunt.
858 760 925 857 Ipsi
947 759 1136 848 nimirum,
1164 764 1247 860 quin

189 875 406 948 Christicolae
423 889 536 961 erant,
553 875 742 972 multisque
758 874 888 947 divitiis
901 875 1108 965 affluebant,
1128 876 1247 949 basili·

189 1016 247 1064 cas
256 991 384 1063 Christi
392 988 1247 1090 frequentabant,pauperumqueChristianorom

189 1105 333 1178 domata
356 1105 632 1204 perlustrabant,
653 1122 687 1177 et
703 1106 921 1177 Christianos
942 1106 978 1176 in
999 1106 1151 1179 vinculis
1167 1107 1247 1185 visi·

189 1221 322 1295 tabant.
343 1227 431 1293 Cum
452 1222 519 1293 illis
542 1222 647 1320 igitur
664 1224 841 1320 Harpinus
861 1221 1081 1319 colloquium
1106 1220 1244 1309 habuit,

189 1336 529 1433 eisquelegationem
537 1324 814 1433 suam'injunxit,
826 1351 861 1408 et
872 1335 990 1407 Alexio
1000 1345 1156 1433 Augusto
1167 1334 1248 1409 talia

190 1450 580 1548 mandavitrHerpinus
588 1454 953 1538 Bituriceusis,servus
960 1467 1051 1541 tuus,
1061 1454 1249 1523 incarcere

188 1566 401 1663 Babylonico
409 1567 492 1666 sirm
508 1570 614 1638 nimir
635 1566 794 1661 afflictus
812 1566 873 1638 diu
886 1569 1036 1664 gemuit,
1059 1583 1093 1637 et
1112 1568 1249 1664 magni·

179 1684 368 1773 ⁸licentium
388 1685 623 1780 imperatoriae
647 1683 847 1780 MnJestatir
867 1680 1073 1781 suppliciter
1100 1684 1250 1780 requirit

50 1823 55 1833 ·
80 1798 82 1803 ’
189 1815 229 1869 ut
239 1798 308 1870 sibi
316 1802 551 1896 compatiatur
563 1815 599 1870 et
606 1798 800 1885 subveniat,
819 1794 1099 1895 Admirabilique
1114 1796 1249 1869 directa

181 1939 253 2010 pro
272 1942 313 1986 eo
330 1919 583 2012 preceptione,
607 1915 650 1986 de
664 1914 898 1986 carceralibus
915 1916 1082 1985 aerumnis
1102 1916 1244 2011 eripiet.

236 2030 299 2101 His
315 2030 460 2119 auditis,
483 2036 679 2128 Imperator
701 2029 809 2100 nobili
834 2030 1059 2125 Francigenae
1079 2029 1139 2127 pie
1159 2053 1248 2100 con·

189 2143 324 2233 doluit,
352 2161 387 2218 et
411 2170 493 2216 mox
512 2144 716 2234 Admirabili
736 2143 917 2215 mandavit
940 2159 978 2215 ut
997 2143 1064 2215 sibi
1083 2144 1249 2241 protinus

189 2266 386 2363 Harpinum
406 2265 596 2353 redderet3
621 2265 779 2362 alioquin
797 2290 924 2337 omnes
944 2264 1180 2361 Babylonicos
1192 2265 1249 2337 iu·

188 2379 328 2451 stitores
341 2397 376 2451 et
389 2382 636 2476 stipendiarios
650 2405 714 2479 per
732 2395 850 2452 totum
865 2382 1053 2478 imperium
1071 2384 1248 2451 Constan-

191 2495 467 2594 tinopolitanum
481 2495 739 2594 comprehendi
755 2497 908 2592 juberet.
932 2495 1159 2568 admirabilis
1183 2517 1251 2567 an·

189 2626 274 2700 tem,
285 2612 384 2707 jussu
398 2625 502 2682 tantae
514 2610 766 2706 indignationis
782 2613 935 2701 territus,
953 2637 1035 2682 mox
1049 2610 1250 2708 Harpinum

189 2726 234 2798 de
256 2726 405 2798 vinculis
422 2725 593 2815 absolvit,
613 2750 807 2822 secumque
824 2753 888 2824 per
905 2725 1041 2823 aliquot
1065 2726 1140 2797 dies
1163 2725 1248 2797 reti·

189 2868 289 2932 nens,
306 2845 471 2916 inusitata
488 2842 651 2940 quaedam
673 2841 724 2913 illi
741 2844 964 2931 monstravit,
991 2856 1096 2938 atque
1117 2839 1164 2912 ad
1182 2865 1248 2938 po·

188 2974 360 3031 stremum
377 2961 596 3032 ornamentis
616 2960 734 3059 ipsum
748 2947 932 3058 preciosis,
951 2960 1097 3055 aliisque
1116 2955 1250 3031 mune·

188 3074 286 3144 ribus
302 3073 520 3148 honoratum
533 3081 690 3173 Augusto
707 3075 908 3147 destinavit.
932 3074 1115 3147 Liberatus
1128 3075 1250 3172 itaque

190 3186 236 3258 ad
261 3192 517 3285 Imperatorem
541 3190 891 3288 Constantinopolim
917 3191 1032 3280 venit,
1063 3212 1130 3287 pro
1156 3186 1250 3259 illius

189 3303 322 3377 efficaci
338 3305 512 3378 subventu
531 3303 658 3402 gratias
667 3308 750 3402 egit,
765 3330 806 3377 ac
815 3305 1046 3404 postmodum
1057 3304 1102 3376 ab
1119 3303 1250 3375 eodem

189 3437 452 3513 remuneratus,
472 3424 507 3492 in
526 3422 657 3495 Gallias
673 3424 855 3496 remeavit.

238 3541 374 3610 Interea
390 3538 594 3610 Paschalem
610 3544 741 3638 Papam
759 3538 864 3628 adiit,
882 3538 1083 3609 laboriosos
1094 3559 1199 3607 casus
1215 3548 1252 3606 et

190 3675 323 3747 agones
337 3679 421 3724 suos
438 3655 469 3725 ei
480 3653 612 3742 retulit,
625 3669 661 3725 et
675 3656 754 3725 vitae
768 3653 958 3725 consilium
971 3650 1089 3722 abillo
1103 3648 1253 3721 sollicite

189 3768 360 3864 quaesivit.
377 3773 502 3858 Porro,
524 3768 635 3841 solers
648 3773 763 3859 Pater,
784 3768 912 3842 auditis
931 3766 1070 3838 athletae
1086 3766 1187 3837 duris
1202 3764 1253 3837 la·

191 3885 351 3975 boribus,
366 3885 414 3956 ait
429 3913 436 3955 :
450 3890 678 3983 Summopere
689 3885 877 3957 cavendnm
895 3902 948 3955 est
963 3910 1007 3954 ne
1023 3885 1101 3981 quir
1116 3881 1253 3952 balnea

191 4001 378 4073 adiuuaret
395 4001 563 4090 mundus,
588 4004 763 4098 nr'veirque
780 4000 923 4072 vestibus
946 3999 999 4070 vel
1011 4000 1133 4069 sericis
1148 3995 1250 4068 iuda·

194 4134 260 4208 tur,
279 4118 429 4190 obscurae
450 4121 560 4189 noctis
583 4133 734 4213 tempore
744 4143 814 4213 per
831 4117 981 4188 lutosum
1003 4119 1070 4186 iter·
1087 4112 1249 4200 incedat,
