2888 4934
131 403 255 480 [1106]
488 401 604 464 LIBER
626 403 869 464 carantanis,
1150 409 1211 468 Μ

190 534 256 604 His
277 533 397 621 dictis,
421 535 642 629 magistratus
666 535 802 607 samitiae
821 560 891 605 suae
912 538 1139 624 convocavit,
1163 536 1210 609 ad

134 649 307 747 praelium
337 674 464 721 omnes
493 651 676 739 instruxit,
709 650 934 746 breviterque
964 652 1208 739 commonuit,

133 781 256 862 prout
268 768 518 864 opportunitas
532 766 602 837 loci
615 781 650 838 et
663 767 834 863 temporis
851 767 977 861 exegit.
998 766 1208 839 Rairraldum

134 904 231 952 vero
263 881 310 954 de
335 885 548 971 Gauranos,
578 898 613 954 et
639 908 766 954 omnes
794 882 881 954 alios
908 884 969 980 qui
999 883 1037 953 in
1065 885 1210 955 Divensi

134 997 291 1070 basilica
304 999 400 1096 capti
412 999 565 1086 fuerant,
584 998 750 1086 absolvit,
770 1014 805 1070 et
822 998 1006 1071 ecclesiam
1020 1024 1099 1096 quae
1114 1023 1211 1069 com·

135 1111 250 1185 busta
267 1112 382 1185 luerat
398 1138 474 1186 sese
491 1128 770 1187 restauraturum
792 1117 869 1185 Deo
891 1113 1048 1185 devovit.
1070 1112 1209 1185 Deinde

135 1228 283 1299 ferratae
295 1228 388 1300 acies
404 1228 576 1301 ordinatae
593 1243 689 1316 sunt,
708 1244 743 1300 et
759 1228 1063 1327 disciplinabiliter
1075 1228 1211 1330 stipatae

136 1360 409 1440 processerunt.
431 1347 586 1417 Primam
601 1347 713 1418 aciem
730 1347 819 1418 rexit
836 1345 1031 1418 Rannullus
1044 1346 1211 1416 Baiocen·

132 1459 210 1549 sis3
227 1459 425 1532 secundam
442 1460 643 1534 Rodbertus
659 1487 780 1533 comes
797 1461 1051 1551 Mellentensis3
1071 1462 1210 1533 tertiam

135 1598 231 1646 vero
244 1573 455 1647 Guillelmus
469 1576 516 1648 de
528 1580 733 1650 Guarenna.
755 1580 819 1648 Hic
836 1579 1006 1649 nimirum
1022 1602 1090 1675 pro
1109 1575 1212 1648 absc·

133 1688 281 1761 latione
298 1690 413 1762 fratris
429 1694 483 1763 sui
499 1692 605 1766 valde
623 1693 758 1765 laetatus
776 1708 846 1782 est,
866 1708 1086 1792 cunctosque
1104 1691 1211 1764 soda-

136 1803 213 1894 les,
237 1819 277 1877 ut
295 1804 548 1878 invincibiliter
565 1807 794 1897 dimicarent,
817 1808 987 1879 audacter
1005 1808 1210 1879 exhortatus

135 1936 210 1993 est.
235 1925 308 1993 Rex
327 1937 447 1995 autem
467 1923 597 2020 Anglos
617 1940 653 1996 et
680 1929 907 1996 Normannos
930 1949 1051 1996 secum
1073 1921 1211 2022 pedites

134 2035 315 2127 detinuit3
336 2041 589 2110 Cenomannos
608 2054 728 2110 autem
746 2055 781 2112 et
798 2040 959 2111 Britones
973 2040 1028 2135 (t)
1045 2038 1153 2134 longe
1170 2038 1207 2108 in

147 2371 253 2437 divine,
275 2388 332 2446 que
350 2372 438 2427 Henri
457 2371 493 2428 1⁰
511 2382 560 2427 eut
575 2373 663 2445 grand
682 2374 743 2428 scin
760 2372 924 2446 d'exploiter
941 2372 1010 2427 dans
1025 2389 1075 2428 son
1090 2370 1208 2436 interdu

146 2476 254 2513 comme
264 2459 287 2513 si
297 2477 329 2514 ce
341 2461 417 2515 relus
427 2460 504 2515 n'erit
516 2478 563 2532 pas
572 2463 616 2515 ete
625 2460 666 2516 dd
676 2463 692 2516 a
701 2461 727 2515 la
736 2461 898 2516 conscience
906 2460 942 2515 de
952 2479 1003 2516 son
1016 2478 1070 2533 peu
1081 2459 1117 2514 de
1126 2476 1209 2532 capa·

146 2548 199 2602 cite
210 2558 239 2603 et
251 2547 288 2602 de
299 2550 393 2616 tenne,
406 2548 454 2622 qni
471 2546 497 2602 le
507 2547 655 2604 rendaient
667 2549 689 2603 si
703 2567 757 2622 pen
769 2567 871 2622 propre
884 2552 898 2604 'a
913 2566 968 2603 une
980 2547 1205 2603 administration

146 2636 280 2689 entonree
290 2633 327 2689 de
340 2644 401 2689 tant
412 2633 652 2690 d‘inconvenients
663 2646 692 2689 et
704 2636 741 2691 de
752 2637 881 2710 dangers.

179 2724 302 2781 Orderic
313 2743 329 2778 a
341 2722 435 2778 oublie
443 2723 605 2798 d’indiqner
617 2723 642 2778 le
651 2725 719 2796 jour
730 2727 820 2798 precis
832 2725 867 2779 de
880 2724 906 2779 la
917 2723 1030 2780 bataille
1042 2723 1077 2777 de
1089 2721 1210 2776 Tincbe·

147 2809 218 2879 brai3
232 2811 303 2865 mais
315 2828 386 2865 nous
398 2828 494 2865 savona
506 2830 556 2884 par
567 2829 623 2865 nne
635 2810 709 2866 ioule
717 2811 753 2866 de
761 2813 951 2884 te'moignages
962 2809 1062 2885 qu'elle
1074 2810 1117 2864 snt
1125 2807 1211 2863 livide

147 2897 171 2952 le
181 2901 216 2958 28
228 2898 401 2972 septembre,
415 2898 495 2953 veille
506 2897 578 2954 dela
591 2899 789 2954 saint-Micbel
801 2911 830 2954 et
842 2898 877 2953 de
891 2897 1096 2953 l'anniversaire
1107 2893 1146 2950 dn
1158 2893 1210 2948 de·
1321 2957 1325 2960 ,

147 2985 330 3062 barqnement
340 2985 377 3040 de
390 2985 816 3059 Guillanme-le·Conqueranta
831 2986 978 3058 Hastings,
991 3004 1025 3040 en
1040 2988 1120 3042 4066.
1190 3027 1195 3036 f

180 3074 269 3130 iletre
282 3083 383 3129 auteur
394 3092 410 3127 a
421 3091 523 3128 encore
537 3073 631 3128 onblie'
644 3074 679 3129 de
690 3075 751 3129 dire
765 3073 907 3148 qu'Edgar
918 3073 1068 3146 Atheling,
1085 3070 1211 3144 toujonrs

150 3159 236 3230 grand
246 3161 302 3216 ami
315 3159 421 3214 duduc
433 3160 554 3227 bobert,
569 3160 595 3215 le
610 3163 694 3217 suivit
708 3181 756 3216 sur
770 3162 796 3217 le
808 3163 910 3235 chsmp
923 3160 959 3214 de
970 3160 1083 3217 bataille
1093 3160 1129 3214 de
1143 3158 1213 3215 Tin-

148 3249 275 3318 cbebrai,
294 3259 324 3304 et
339 3268 357 3322 y
373 3248 417 3304 sut
434 3248 486 3304 sair
505 3250 665 3321 prisonnier
678 3267 787 3304 comme
805 3249 861 3315 lui;
880 3248 985 3314 Remi,
1007 3246 1071 3301 n'en
1090 3253 1213 3319 pensam

148 3338 293 3393 concessis·
304 3354 396 3391 aucun
408 3335 556 3410 ombrage,
570 3337 597 3391 le
609 3337 689 3392 laissa
700 3337 769 3391 aller
780 3337 817 3391 ori
830 3335 850 3390 il
860 3334 968 3390 voulut.
1165 3406 1167 3411 y

182 3426 222 3500 (l)
241 3426 375 3482 Britones
390 3429 607 3495 transman'acs,
622 3445 694 3498 quos
708 3425 872 3480 adolescens
890 3426 994 3478 vicinos
1012 3421 1136 3478 castellis
1154 3420 1213 3474 suis

152 3513 311 3590 Dansmnto
326 3523 353 3568 et
366 3514 481 3570 castello
495 3513 595 3568 Sancti
608 3513 759 3569 Michaelis
771 3513 923 3575 habuerat,
938 3511 1065 3583 pecuniis
1076 3507 1118 3563 ad
1130 3507 1212 3563 obsc-

150 3605 245 3674 quium
254 3600 466 3658 transducebat.
477 3601 536 3657 Est
547 3605 621 3655 enim
633 3601 712 3656 istud
720 3618 810 3674 genus
821 3601 1058 3672 lominumegens
1067 3599 1210 3669 lupatria,

152 3691 276 3761 airiacum
289 3700 407 3745 exterrm
420 3707 476 3744 are
488 3690 636 3746 laboriosas
652 3693 717 3745 vitoe
728 3698 868 3744 mercatur
881 3686 1021 3760 stipendia
1035 3684 1128 3755 (Will.
1142 3683 1214 3740 tint-

152 3778 248 3845 mesb„
261 3777 280 3832 l.
289 3777 328 3845 V,
338 3776 387 3832 fot.
395 3781 429 3834 89
440 3778 491 3848 v0).
500 3777 540 3833 Ce
548 3779 636 3832 lntnn
646 3778 719 3832 flean
727 3795 800 3851 pour
808 3776 834 3831 la
842 3774 1014 3832 Normandie
1022 3784 1051 3830 et
1059 3771 1215 3847 pourl’An·

154 3863 561 3939 petereqmt’innoducuon
570 3865 607 3921 de
615 3864 782 3939 cespillards
790 3863 916 3932 effrenes,
925 3865 974 3938 qui
982 3862 1215 3918 n'avaientaucnn

154 3966 258 4028 respect
272 3972 345 4028 ponr
359 3954 400 4010 les
413 3955 570 4028 proprietas
584 3956 614 4009 ni
628 3972 701 4028 pour
713 3954 753 4010 les
765 3971 916 4027 personnes
928 3951 1158 4024 ecclesiastiques.
1176 3944 1215 4001 lis

154 4043 255 4099 etaient
265 4053 378 4099 snrtout
386 4044 443 4098 tort
451 4042 543 4098 arides
553 4043 602 4097 des
614 4044 737 4099 cbevaux
748 4043 798 4099 des
807 4043 946 4099 membres
955 4041 993 4096 du
1003 4040 1106 4112 cierge,
1116 4046 1146 4092 et
1157 4035 1214 4091 s’en

156 4130 326 4205 enpanient
335 4140 428 4188 tontes
438 4129 478 4186 les
488 4129 543 4187 lois
553 4131 636 4205 qu'ils
646 4149 682 4186 en
694 4132 852 4188 tronvaient
866 4130 1021 4187 i‘occasion.
