2888 4934
275 423 334 483 288
538 418 723 479 HISTORIA
745 419 1050 482 ecctsssttsttct.
1122 422 1324 502 [utta-1118]

273 552 430 624 limontis
443 549 594 623 obsedit.
613 551 683 624 Sed
699 552 803 625 simili
817 553 903 625 dolo
919 552 1079 642 delusus,
1097 552 1145 627 de
1161 555 1236 627 suis
1250 555 1327 653 plu·

272 667 371 741 ribus
388 667 541 757 amissis,
560 693 642 739 cum
660 667 836 742 dedecore
856 669 1001 767 aufugit.
1023 669 1171 743 Plenam
1187 696 1256 771 pro
1274 687 1327 747 tot

273 784 437 882 nequitiis
454 783 626 855 ultionem
647 809 810 858 exercere
827 785 1014 883 nequibat,
1034 787 1118 883 quia
1135 801 1239 893 pater
1254 789 1328 885 ejus

273 896 405 988 adbuc,
424 898 512 969 dum
525 896 607 970 talia
623 914 840 995 gererentur,
859 899 1011 989 vivebat,
1030 915 1066 972 et
1083 924 1240 973 noverca
1256 903 1329 997 ejus

272 1015 419 1088 occultis
443 1012 763 1086 machinationibus
782 1015 892 1087 multa
911 1017 943 1087 ei
965 1015 1058 1087 mala
1078 1015 1325 1114 prestmebat,

272 1144 307 1203 et
322 1130 496 1230 plurimos
513 1127 634 1201 hostes
651 1131 687 1201 in
705 1130 807 1202 illum
822 1133 985 1228 nequiter
1000 1130 1171 1203 armabat.

319 1250 473 1318 xxxvl.
486 1246 662 1318 Defuncto
671 1272 753 1344 rege
762 1247 936 1348 Philippo,
946 1247 1405 1345 Ludovicusregnavitffl

271 1376 307 1437 et
319 1363 475 1435 securior
487 1363 562 1459 jam
579 1364 677 1459 regni
693 1363 828 1460 virgam
841 1363 1003 1460 bajulans
1018 1377 1126 1462 caput
1140 1362 1279 1452 extulit,
1296 1378 1409 1435 eta

271 1478 452 1552 dexteram
469 1479 505 1549 in
524 1477 709 1550 seditiosos
725 1479 865 1551 levavit.
885 1483 925 1550 ln
941 1479 1065 1578 primis
1080 1479 1202 1577 itaque
1218 1482 1410 1550 Pusa—

270 1594 366 1666 cium
380 1593 537 1684 obsedit,
557 1608 593 1665 et
608 1598 796 1691 Hugonem
812 1593 964 1684 bellum,
982 1593 1045 1665 sed
1062 1593 1245 1690 iniquum,
1264 1592 1410 1662 mi—

270 1706 362 1780 litari
373 1707 505 1780 robore
519 1708 688 1779 coercuit.
708 1707 761 1780 lbi
774 1707 930 1780 latrones
942 1723 977 1779 et
990 1706 1126 1803 exleges
1138 1703 1411 1804 specialem

270 1821 476 1922 speluncam
496 1822 694 1912 habebant,
718 1821 876 1895 inaudita
894 1821 1025 1895 scelera
1046 1819 1241 1910 faciebant,
1266 1839 1412 1891 netz)

271 1935 320 2010 ob
335 1938 414 2009 irati
429 1938 519 2034 regis
536 1938 626 2009 iram
643 1951 678 2008 et
694 1937 827 2028 minas,
848 1935 905 2009 vel
923 1935 1112 2009 anathema
1130 1931 1349 2034 pontificis,-
1402 1982 1412 2016 ‚

270 2050 517 2123 afacinoribus
531 2075 568 2124 se
579 2052 825 2124 continebant.
837 2051 1000 2140 Quadam
1012 2050 1084 2141 die,
1101 2050 1191 2123 dum
1206 2048 1416 2148 ragalim

270 2190 398 2239 manus
414 2172 604 2264 Hugonem
620 2193 684 2266 per
698 2183 836 2240 arctum
852 2169 1028 2240 tramitem
1043 2182 1317 2266 persequeretur
1339 2185 1414 2248 “·,

271 2295 306 2352 et
323 2280 398 2378 ipse
417 2280 551 2376 lugiens
568 2283 803 2354 munitionem
824 2281 961 2379 ingredi
981 2283 1167 2369 niteretur,
1189 2279 1417 2357 auecta-o

271 2390 317 2465 de
327 2392 544 2482 Guarlanda,
558 2394 710 2492 principi
719 2395 850 2467 militiae
860 2400 1089 2485 Francorum,
1105 2394 1199 2466 forte
1210 2393 1418 2466 obvim

270 2509 338 2601 vit,
361 2535 469 2608 quem
491 2508 614 2581 lancea
633 2534 716 2581 mox
736 2512 938 2608 percutiens
953 2511 1072 2582 subito
1088 2509 1244 2608 peremit
1261 2510 1293 2606 (l
1302 2506 1417 2604 Μ

269 2625 469 2700 'ledbaldus
478 2625 979 2717 autem,Blesensiumcomes,
989 2627 1142 2700 obsessis
1151 2626 1423 2725 suppetias-t

268 2742 381 2831 venit,
397 2755 433 2813 et
445 2765 565 2837 regem
578 2764 660 2811 cum
675 2742 745 2813 suis
759 2741 884 2814 bellica
895 2767 1005 2813 manu
1019 2739 1187 2812 recedere
1199 2739 1422 2837 coegiffl·

269 2859 433 2955 Denique
453 2873 662 2955 recuperato
686 2860 838 2930 exercitu
860 2884 922 2930 rex
942 2858 1126 2930 Pusacium
1145 2855 1274 2948 rediit,
1298 2854 1429 2927 5⁸

270 2971 418 3046 rebelles
440 2973 780 3072 supereminentium
805 2973 933 3044 virtute
953 2973 1138 3072 copiarum
1160 2970 1209 3043 ad
1230 2957 1431 3044 dediffj·

269 3293 298 3331 ae
310 3275 434 3331 debenda
446 3278 525 3350 apres
536 3279 611 3331 avoir
622 3277 673 3331 mia
686 3275 711 3330 le
724 3277 768 3331 seu
783 3296 835 3330 aux
848 3288 950 3343 tentes,
964 3278 1086 3351 pendant
1098 3297 1154 3353 que
1167 3279 1254 3334 Louia
1264 3278 1356 3334 dor!
1367 3279 1440 3332 ΦΓ

269 3365 337 3418 mait
345 3382 455 3419 encore.
466 3363 607 3419 Plusieurs
620 3366 772 3437 seigneurs,
788 3365 839 3419 tels
849 3384 904 3439 que
917 3367 1019 3440 Hngue
1030 3366 1065 3422 de
1077 3366 1237 3433 Clermont,
1249 3365 1443 3422 betta-⁹

268 3451 382 3526 perede
398 3452 539 3520 Mathieu,
555 3464 583 3506 et
601 3452 671 3508 dont
687 3452 726 3506 les
738 3453 930 3508 reclamatione
947 3472 995 3509 sur
1007 3453 1033 3508 la
1050 3454 1147 3509 moitie
1159 3453 1199 3509 du
1211 3453 1437 3509 obtuse·

268 3537 304 3593 de
316 3538 468 3609 Lusarche,
480 3543 600 3612 usurpee
613 3560 662 3612 par
677 3559 727 3594 eon
742 3539 859 3613 gendre‚
873 3542 980 3596 avaient
995 3541 1089 3597 donne
1101 3541 1159 3596 lieu
1171 3544 1187 3597 a
1199 3551 1274 3596 cette
1286 3524 1432 3595 lrtfffl

269 3635 346 3681 neate
365 3627 539 3698 expeditiom
561 3629 618 3681 Gui
638 3627 673 3681 de
691 3628 794 3696 Senlis,
814 3639 880 3693 etc,
904 3631 998 3689 iurent
1014 3631 1078 3685 saite
1099 3630 1276 3703 priscaniers
1297 3646 1352 3684 ε
1416 3631 1437 3668 ¹⁴

269 3714 364 3769 milieu
378 3713 412 3769 de
425 3734 455 3768 ce
469 3733 549 3770 saure
562 3716 611 3789 qui
624 3728 701 3788 peut.

303 3802 420 3858 L’annee
432 3805 566 3872 suivante,
582 3806 663 3859 Louia
675 3807 765 3859 revint
777 3823 840 3859 arec
852 3805 901 3859 des
914 3807 1002 3861 forces
1015 3806 1083 3860 trois
1097 3804 1150 3860 sois
1161 3804 1226 3877 plus
1238 3818 1354 3861 cona
1363 3789 1439 3849 ..ti-

268 3891 406 3959 derables‚
421 3891 607 3963 bl'approclre
621 3892 774 3965 deequelles
790 3894 914 3948 Mathieu
929 3912 958 3948 se
971 3894 1037 3948 haita
1049 3893 1085 3948 de
1098 3894 1167 3948 faire
1177 3910 1207 3948 aa
1219 3894 1293 3966 pair.
1329 3927 1376 3941 .-
1394 3922 1400 3935 ·

303 3980 343 4053 (l)
362 3979 449 4034 Notre
460 3988 560 4032 auteur
574 3980 694 4034 confond
707 3982 743 4034 ici
756 3979 781 4035 le
794 3982 916 4054 premier
929 3982 1003 4054 siege
1017 3981 1054 4036 du
1068 3982 1181 4049 Pulset,
1198 3999 1235 4036 en
1247 3972 1421 4038 tttfflb

267 4088 331 4125 avec
352 4069 379 4124 le
399 4067 554 4135 troisieme,
576 4066 645 4120 dans
666 4067 756 4140 lequel
779 4071 887 4123 ‚lneeau
910 4070 944 4124 de
963 4068 1120 4136 Garlande,
1143 4068 1275 4125 senecbal
1385 4055 1416 4111 ‘l‘

268 4159 385 4226 France,
403 4158 445 4212 sut
459 4158 507 4210 tue
519 4175 552 4210 en
566 4159 645 4211 itte.
