2888 4934
210 417 319 494 [roes]
573 415 690 476 crasa
711 415 897 476 uncinus
1227 420 1263 479 er

210 549 339 619 annisu
355 547 574 637 munierunt,
588 549 673 620 etin
687 547 860 620 assultum
873 549 1007 644 virgeas
1018 562 1131 620 crates
1142 549 1269 621 ictibus

211 663 399 736 missilium
420 663 651 762 lapidumque
669 679 927 764 opposuerunt.
953 669 1064 736 Erant
1088 667 1184 737 enim
1201 667 1269 738 viri

210 792 435 869 constantes,
459 778 680 878 dominoque
701 804 767 852 suo
786 778 926 867 fideles,
945 779 1098 877 ideoque
1120 782 1270 880 pertina-

210 897 299 969 citer
321 919 389 995 pro
404 895 466 968 illo
483 897 656 994 usquead
673 910 828 969 mortem
846 921 1035 994 pugnaces,
1055 912 1089 969 et
1106 897 1269 995 exemplo

211 1012 406 1111 probabilis
431 1012 619 1111 probitatis
643 1011 894 1111 praedicabiles.
922 1016 1083 1109 Cumque
1107 1011 1270 1084 forinseci

210 1142 428 1227 pugnatores
451 1128 648 1202 admodum
669 1127 878 1201 insudarent
895 1140 934 1197 ut
949 1127 1083 1222 ingenti
1100 1140 1196 1198 strue
1211 1126 1271 1224 lig-

210 1268 344 1316 norum
363 1244 567 1341 cingentem
588 1244 718 1316 fossam
735 1242 941 1341 implerent,
957 1244 1123 1340 viamque
1136 1241 1203 1312 sibi
1217 1267 1271 1314 us·

210 1358 338 1457 quoad
349 1358 471 1456 palum
482 1358 644 1459 pluribus
658 1359 944 1432 sustentamentis
963 1383 1179 1456 magnopere
1193 1357 1272 1429 sub

210 1473 328 1546 stratis
352 1471 493 1572 publice
523 1489 782 1572 praepararent,
802 1472 975 1573 oppidani
999 1474 1121 1546 flascas
1148 1473 1272 1571 prunis

211 1587 419 1661 ardentibus
436 1589 559 1687 plenas
576 1589 730 1688 desuper
745 1589 998 1677 demittebant,
1023 1603 1057 1660 et
1074 1588 1272 1684 congestio·

210 1728 275 1776 nes
292 1729 425 1796 rerum,
451 1730 529 1802 qnae
546 1705 662 1777 adsui
680 1705 853 1778 damnum
871 1705 1101 1777 accumulatae
1117 1705 1269 1794 fuerant,

211 1816 489 1892 adminiculante
504 1819 572 1891 sibi
593 1819 715 1891 metim
728 1834 889 1892 caumate
906 1844 1052 1917 prorsus
1070 1842 1273 1890 concrema·

209 1928 311 2003 bant.
328 1933 542 2029 Hujusmodi
558 1934 727 2006 conflictu
742 1934 827 2006 feria
843 1940 880 2004 ιι·
898 1948 1024 2006 mutuo
1038 1932 1270 2021 vexabantur,

212 2059 247 2116 et
262 2044 339 2119 haec
355 2048 480 2122 videns
502 2075 563 2122 rex
587 2051 693 2121 nimis
714 2049 935 2122 anxiabatur.
967 2053 1092 2137 Porro,
1116 2048 1203 2120 dum
1221 2050 1274 2123 ira

211 2172 247 2231 et
273 2160 400 2236 dolore
422 2179 665 2262 torqueretur,
687 2164 787 2263 quod
814 2188 940 2236 omnes
966 2162 1100 2236 ibidem
1124 2181 1273 2236 conatus

211 2273 305 2348 illius
322 2295 558 2373 cassarentur,
576 2281 725 2378 quidam
739 2280 785 2352 ad
796 2279 898 2352 illum
911 2278 957 2351 de
971 2278 1115 2351 sublimi
1131 2293 1207 2351 zeta
1217 2281 1273 2376 (l)

210 2388 368 2489 lapidem
385 2395 555 2492 projecit,
580 2410 671 2468 nutu
696 2395 763 2467 Dei
787 2421 861 2469 non
887 2394 1008 2484 illum,
1040 2393 1103 2466 sed
1129 2395 1274 2466 astantis

210 2507 352 2582 athletae
376 2526 484 2609 caput
509 2513 711 2584 immaniter
736 2512 929 2610 percussit,
959 2525 994 2582 et
1021 2534 1101 2582 ossa
1125 2508 1273 2581 cerebro

210 2648 288 2696 non
301 2641 471 2724 parcente
482 2628 555 2699 ictu
571 2627 806 2699 commiscuit.
828 2625 893 2697 lllo
909 2626 1028 2723 itaque
1052 2650 1175 2697 coram
1192 2649 1274 2721 rege

211 2737 459 2811 miserabiliter
487 2739 746 2829 occumbente,
778 2738 1009 2811 subsannatio
1042 2739 1274 2809 castrensium

211 2852 386 2924 continuo
398 2854 488 2926 lacta
500 2870 567 2944 cst,
583 2879 667 2927 cum
682 2854 754 2925 alto
768 2867 804 2925 et
814 2853 975 2925 horribili
989 2853 1147 2924 clamore
1164 2858 1275 2923 :Ecce

214 2988 280 3035 rex
295 2965 398 3037 modo
415 2984 570 3040 recentes
587 2968 690 3040 labet
703 2994 848 3053 carnes,·
865 2966 1073 3060 deserantur
1095 2966 1146 3037 ad
1159 2969 1276 3064 coqui·

213 3103 320 3168 nane,
342 3083 428 3152 utei
439 3081 730 3154 exlu‘beanturad
744 3108 894 3153 scenam.
914 3082 1149 3153 Contristatns
1170 3084 1275 3177 igitur

213 3219 289 3283 rex,
302 3196 491 3294 optimates
501 3221 584 3268 suos
593 3199 986 3284 seorsumconvocavit,
997 3212 1215 3294 acceptoque
1227 3196 1273 3268 ab

213 3311 264 3382 eis
277 3310 440 3398 consilio,
456 3336 541 3384 suos
553 3314 722 3385 Luceium
735 3313 791 3408 (2)
804 3311 963 3383 diluculo
977 3311 1074 3383 abire
1089 3313 1270 3410 praecepit.

248 3529 290 3600 (l)
308 3528 346 3582 La
362 3529 549 3603 signification
564 3531 707 3604 primitive
722 3530 758 3586 de
770 3550 801 3587 ce
814 3545 874 3587 mot
887 3542 997 3586 estune
1009 3530 1142 3586 chambre
1154 3531 1222 3585 dans
1236 3548 1275 3586 un

211 3613 271 3671 lien
283 3615 479 3673 d’babitation.
489 3619 564 3675 C’est
575 3619 646 3674 ainsi
658 3620 742 3693 qn’on
751 3631 850 3676 trouve
861 3628 929 3674 κὶα
940 3620 1080 3673 oestivalcs
1088 3630 1116 3673 et
1127 3628 1195 3672 zetoe
1203 3618 1275 3689 hye-

213 3705 303 3760 males
315 3703 384 3760 dans
392 3703 441 3760 des
451 3704 636 3779 descriptione
647 3706 682 3762 de
693 3707 788 3780 pelais.
799 3708 871 3764 Mais
884 3709 919 3762 ici
933 3716 962 3761 et
974 3706 1108 3781 quelques
1117 3724 1200 3780 pagos
1213 3706 1275 3779 plus

212 3791 300 3863 bant,
312 3792 334 3849 il
346 3793 405 3849 lant
415 3793 571 3851 l'entendre
583 3795 652 3851 dans
668 3795 694 3852 le
705 3815 768 3877 seps
781 3796 816 3851 de
828 3795 1079 3870 corps-de-garde,
1094 3793 1151 3849 lieu
1162 3805 1276 3849 convert

212 3878 282 3938 dou
291 3880 333 3941 bs
343 3882 502 3939 sentinelles
515 3895 635 3958 peurent
646 3885 775 3940 observet
786 3886 825 3940 les
838 3894 1030 3940 monvements
1041 3883 1077 3939 de
1088 3882 1232 3949 l'ennemi‚
1246 3893 1276 3937 et

212 3966 257 4026 lui
270 3968 366 4026 lancer
383 3982 462 4027 toute
478 3974 574 4046 espece
592 3973 709 4029 d'armes
723 3973 759 4029 de
774 3977 842 4029 trait
858 3973 936 4029 etde
954 3972 1154 4046 projecutes,t
1173 3980 1275 4025 travers

212 4058 266 4118 des
278 4062 428 4139 creamur,
443 4061 493 4117 des
505 4065 686 4119 meurtrieres
697 4083 735 4119 ou
748 4063 796 4120 des
809 4063 1000 4119 maehieoulis.

250 4151 294 4222 (2)
311 4148 553 4221 Luce-leGrand,
568 4151 659 4226 plutot
671 4173 726 4228 que
740 4156 849 4226 Lache,
863 4156 973 4210 suivant
985 4154 1024 4209 Μ.
1040 4153 1153 4208 Pescbe.
