2888 4934
187 405 228 462 ao
457 402 640 463 msroan
665 404 972 465 ecclesiasrrca.
1138 408 1245 484 [troo]

186 531 396 606 Guillelmus
435 533 549 633 [dux]
588 536 867 626 pictavensium,
903 537 1030 609 auditis
1067 537 1246 612 nobilibus

188 648 398 747 triumphis,
425 649 472 722 ad
501 675 662 723 amorem
696 651 946 751 peregrinandi
974 675 1143 725 accensus
1178 669 1242 725 eat.

187 766 295 863 Cujus
326 764 491 838 vexillum
529 769 702 839 exercitus
741 783 983 840 trecentorum
1011 768 1162 840 millium
1201 768 1246 842 de

189 882 373 978 Aquitania
391 896 425 952 et
446 883 665 970 Guasconia,
684 882 832 981 aliisque
850 883 1054 980 regionibus
1071 886 1246 983 Hesperie

187 1010 328 1069 secutus
344 1011 397 1068 est
414 996 482 1093 (l).
503 1001 534 1068 ls
554 999 723 1069 nimirum
740 997 910 1087 decrevit,
929 996 1121 1072 Guillelmo
1139 1000 1244 1090 Rufo,

187 1115 261 1211 regi
276 1113 484 1210 Anglorum,
501 1115 695 1210 Aquitaniae
712 1113 896 1205 ducatum,
913 1129 1097 1212 totamque
1115 1129 1247 1188 terram

187 1255 287 1301 suam
306 1228 507 1318 invadiare,
526 1254 745 1327 censumque
763 1232 950 1328 copiosum
967 1230 1247 1304 abundanterab

187 1346 280 1418 illius
292 1347 415 1419 aerario
433 1346 588 1436 haurire,
603 1347 701 1418 unde
717 1346 886 1420 nobiliter
901 1347 1056 1446 expleret
1070 1349 1135 1419 iter
1148 1348 1247 1445 quod

187 1461 355 1560 cupiebat
368 1462 471 1534 inire.
488 1461 705 1559 Eloqueutes
720 1463 840 1558 itaque
851 1462 985 1558 legatos
999 1463 1044 1533 ad
1058 1487 1178 1560 regem
1192 1462 1247 1536 di·

187 1578 290 1666 rexit,
306 1578 410 1675 eique
423 1577 523 1674 quod
536 1592 656 1650 mente
669 1576 851 1666 volvebat,
863 1603 927 1676 per
937 1576 1083 1648 eosdem
1096 1578 1250 1650 insinua·

189 1696 252 1766 vit.
274 1698 473 1791 Pomposus
492 1708 612 1765 autem
632 1694 826 1790 sceptriger
845 1693 913 1788 (2),
935 1693 997 1789 qui
1013 1707 1150 1790 quanto
1169 1692 1248 1791 plus

79 1809 84 1817 “
187 1807 355 1898 habebat,
369 1809 517 1879 sitientis
528 1807 718 1906 hydropici
728 1832 842 1896 more,
853 1823 954 1879 tanto
968 1806 1048 1905 plus
1063 1805 1247 1905 cupiebat,

188 1924 456 1997 veredariorum
476 1923 705 2020 allegationes
730 1924 834 1995 avide
853 1923 1036 2021 percepit,
1058 1937 1094 1994 et
1112 1921 1249 2020 amplas

188 2039 321 2139 praeiati
331 2037 681 2135 ducispossessiones
694 2039 851 2136 pristinis
860 2036 1097 2136 potestatibus
1110 2037 1251 2135 paterni

188 2155 339 2227 ducatus
360 2168 396 2224 et
419 2153 519 2250 regui
544 2153 678 2225 addere
701 2152 896 2226 anhelavit.
924 2155 1115 2225 Maximam
1144 2153 1249 2249 igitur

186 2270 289 2367 jussit
310 2268 457 2340 classem
483 2270 693 2366 praeparari,
714 2284 750 2340 et
775 2270 955 2364 ingentem
977 2269 1175 2366 equitatum
1202 2266 1250 2339 de

189 2372 312 2480 Anglia
326 2408 448 2455 secum
466 2384 647 2471 comitari,
664 2397 715 2472 ut,
735 2382 864 2481 pelago
881 2383 1121 2472 transfretato,
1140 2383 1177 2452 iu
1193 2400 1251 2455 ar·

190 2495 270 2582 mis,
284 2518 350 2565 ceu
361 2492 432 2582 leo,
447 2516 556 2590 supra
566 2493 724 2591 praedam
735 2509 856 2591 presto
869 2494 1090 2579 consisteret,
1105 2491 1251 2564 lratrem

189 2608 235 2681 ab
253 2611 404 2682 introitu
423 2609 592 2680 Neustriae
619 2608 715 2680 bello
732 2608 906 2705 abigeret,
928 2609 1124 2706 Aquitaniae
1143 2607 1252 2679 duea-

189 2742 265 2799 tum
284 2726 447 2826 pluribus
470 2727 607 2822 argenti
632 2727 754 2795 massis
772 2740 928 2806 emeret,
948 2739 1003 2813 et,
1027 2722 1252 2794 obstantibus

189 2843 257 2915 sibi
266 2843 362 2915 bello
371 2841 541 2931 subactis,
554 2866 667 2939 usque
676 2840 722 2911 ad
732 2844 942 2912 Garunnam
951 2839 1100 2910 fluvium
1110 2839 1251 2938 imperii

189 2962 243 3030 sui
261 2958 349 3031 lines
365 2957 542 3030 dilataret.
563 2961 644 3028 Haec
665 2956 824 3027 tumidus
838 2955 980 3051 juvenis
996 2955 1198 3052 cogitabat,
1216 2970 1252 3028 et

190 3089 396 3170 arroganter
403 3075 449 3146 ad
458 3074 534 3145 haec
546 3072 720 3144 inhiabat.
736 3073 806 3143 Sed
818 3072 1050 3169 omnipotens
1062 3070 1248 3161 Conditor,

189 3188 253 3286 qui
267 3202 396 3260 cuncta
415 3188 607 3286 gubernat,
627 3184 963 3284 aliterdisponebat.

224 3439 263 3508 (t)
282 3435 444 3492 Guillaume
461 3434 533 3500 Vll,
552 3433 595 3488 dit
611 3434 636 3489 le
657 3434 764 3497 Vienx,
780 3443 871 3487 comte
889 3431 925 3485 de
941 3433 1075 3500 Poitiers,
1097 3449 1153 3505 que
1172 3441 1253 3486 notre

189 3535 289 3580 auteur
301 3542 373 3580 nous
385 3543 400 3579 a
413 3522 475 3594 (teja
488 3523 543 3576 cite
555 3541 664 3576 comme
679 3533 762 3595 ayant
776 3521 833 3594 pris
847 3531 924 3594 part,
943 3540 977 3574 eu
992 3524 1071 3586 1098,
1087 3521 1103 3572 a
1119 3517 1252 3591 l'eapedi-

189 3615 249 3670 tion
261 3613 296 3670 de
307 3611 605 3671 Guillanme-le-lloux
618 3622 714 3666 contre
725 3610 1010 3666 Montium-Primnum
1023 3620 1052 3664 et
1064 3609 1203 3681 Epernon.
1213 3604 1253 3660 Ce

189 3706 319 3778 seigneur
339 3705 398 3777 quit
412 3721 448 3758 en
464 3701 529 3757 effet
546 3700 571 3755 la
590 3702 666 3754 croix
685 3719 721 3755 eu
746 3704 830 3768 llud,
851 3711 881 3754 et
896 3700 983 3772 partit
1003 3698 1110 3751 l’auuee
1129 3696 1253 3749 mirante

188 3810 261 3866 pour
269 3792 295 3846 la
305 3792 512 3848 Terre-Salute.
524 3791 574 3845 Sea
585 3791 766 3844 conventione
778 3809 842 3844 avec
851 3789 877 3844 le
888 3789 931 3843 roi
940 3786 1134 3860 d'Angleterre
1146 3784 1254 3838 avaient

188 3881 234 3936 dte
246 3881 269 3936 si
282 3880 348 3935 bien
360 3880 496 3945 arretees,
512 3896 582 3952 qne,
598 3876 691 3951 quand
709 3896 746 3932 on
757 3877 894 3933 demanda
910 3880 925 3931 a
938 3894 969 3931 ce
982 3875 1103 3941 dernier,
1119 3872 1253 3947 quelques

186 3968 267 4041 joun
279 3977 361 4023 arant
372 3986 401 4021 aa
414 3978 504 4034 mort,
518 3967 556 4021 oti
569 3965 589 4020 il
605 3967 739 4038 comptait
752 3967 878 4023 celebrer
889 3967 929 4022 les
942 3966 1011 4021 setes
1025 3962 1060 4018 de
1074 3962 1161 4032 Non,
1176 3962 1195 4017 il
1208 3961 1252 4016 ιύ-

189 4059 290 4134 pondit
304 4083 309 4113 ε
323 4059 350 4114 A
362 4057 491 4116 Poitiera.

224 4151 265 4226 (2)
282 4151 333 4208 Gi.
346 4151 397 4207 int.
413 4157 572 4220 :sceptrum
587 4166 695 4220 gerens,
711 4167 760 4202 sen
774 4166 833 4203 rear.
