<?xml version="1.0" encoding="UTF-8"?>
<!DOCTYPE html PUBLIC "-//W3C//DTD XHTML 1.0 Transitional//EN"
    "http://www.w3.org/TR/xhtml1/DTD/xhtml1-transitional.dtd">
<html xmlns="http://www.w3.org/1999/xhtml" xml:lang="en" lang="en">
 <head>
  <title>
</title>
<meta http-equiv="Content-Type" content="text/html;charset=utf-8" />
  <meta name='ocr-system' content='tesseract 3.04.00' />
  <meta name='ocr-capabilities' content='ocr_page ocr_carea ocr_par ocr_line ocrx_word'/>
</head>
<body>
  <div class='ocr_page' id='page_1' title='image "./ordericivitalis07deligoog/ordericivitalis07deligoog_0067.png"; bbox 0 0 2888 4934; ppageno 0'>
   <div class='ocr_carea' id='block_1_1' title="bbox 191 439 1248 516">
    <p class='ocr_par' dir='ltr' id='par_1_1' title="bbox 191 439 1248 516">
     <span class='ocr_line' id='line_1_1' title="bbox 191 439 1248 516; baseline -0.008 -10"><span class='ocrx_word' id='word_1_1' title='bbox 191 444 232 507; x_wconf 77' lang='lat' dir='ltr'><strong>st</strong></span> <span class='ocrx_word' id='word_1_2' title='bbox 463 441 646 501; x_wconf 82' lang='lat' dir='ltr'><strong>nrsroan</strong></span> <span class='ocrx_word' id='word_1_3' title='bbox 667 439 971 501; x_wconf 76' lang='lat' dir='ltr'><strong>mcussnsrtcs.</strong></span> <span class='ocrx_word' id='word_1_4' title='bbox 1140 441 1248 516; x_wconf 76' lang='lat'><strong>[1097]</strong></span> 
     </span>
    </p>
   </div>
   <div class='ocr_carea' id='block_1_2' title="bbox 189 567 1252 3108">
    <p class='ocr_par' dir='ltr' id='par_1_2' title="bbox 191 567 1248 791">
     <span class='ocr_line' id='line_1_2' title="bbox 191 567 1248 672; baseline -0.006 -21"><span class='ocrx_word' id='word_1_5' title='bbox 191 576 351 651; x_wconf 79' lang='lat' dir='ltr'><strong>lmderati</strong></span> <span class='ocrx_word' id='word_1_6' title='bbox 367 591 469 664; x_wconf 88' lang='lat' dir='ltr'><strong>sunt,</strong></span> <span class='ocrx_word' id='word_1_7' title='bbox 487 573 704 672; x_wconf 84' lang='lat' dir='ltr'><strong>redditisque</strong></span> <span class='ocrx_word' id='word_1_8' title='bbox 721 570 998 663; x_wconf 80' lang='lat' dir='ltr'><strong>munitionibus,</strong></span> <span class='ocrx_word' id='word_1_9' title='bbox 1017 570 1112 644; x_wconf 88' lang='lat' dir='ltr'><strong>datis</strong></span> <span class='ocrx_word' id='word_1_10' title='bbox 1134 567 1182 643; x_wconf 91' lang='lat' dir='ltr'><strong>ab</strong></span> <span class='ocrx_word' id='word_1_11' title='bbox 1199 593 1248 645; x_wconf 83' lang='lat' dir='ltr'><strong>oo</strong></span> 
     </span>
     <span class='ocr_line' id='line_1_3' title="bbox 191 686 807 791; baseline -0.006 -27"><span class='ocrx_word' id='word_1_12' title='bbox 191 691 328 791; x_wconf 83' lang='lat' dir='ltr'><strong>legibus</strong></span> <span class='ocrx_word' id='word_1_13' title='bbox 339 690 489 765; x_wconf 85' lang='lat' dir='ltr'><strong>solerter</strong></span> <span class='ocrx_word' id='word_1_14' title='bbox 503 686 807 763; x_wconf 78' lang='lat' dir='ltr'><strong>obsecundarunt.</strong></span> 
     </span>
    </p>

    <p class='ocr_par' dir='ltr' id='par_1_3' title="bbox 189 806 1252 3108">
     <span class='ocr_line' id='line_1_4' title="bbox 240 806 1245 905; baseline -0.004 -24"><span class='ocrx_word' id='word_1_15' title='bbox 240 811 331 881; x_wconf 83' lang='lat' dir='ltr'><strong>Vlll.</strong></span> <span class='ocrx_word' id='word_1_16' title='bbox 342 811 436 881; x_wconf 91' lang='lat' dir='ltr'><strong>Dum</strong></span> <span class='ocrx_word' id='word_1_17' title='bbox 443 806 613 881; x_wconf 82' lang='lat' dir='ltr'><strong>baeccitra</strong></span> <span class='ocrx_word' id='word_1_18' title='bbox 621 809 762 880; x_wconf 88' lang='lat' dir='ltr'><strong>marein</strong></span> <span class='ocrx_word' id='word_1_19' title='bbox 772 807 936 879; x_wconf 88' lang='lat' dir='ltr'><strong>Neustria</strong></span> <span class='ocrx_word' id='word_1_20' title='bbox 943 819 1245 905; x_wconf 79' lang='lat' dir='ltr'><strong>perpeuareutur,</strong></span> 
     </span>
     <span class='ocr_line' id='line_1_5' title="bbox 191 919 1247 1022; baseline -0.002 -26"><span class='ocrx_word' id='word_1_21' title='bbox 191 924 445 1021; x_wconf 87' lang='lat' dir='ltr'><strong>immodicique</strong></span> <span class='ocrx_word' id='word_1_22' title='bbox 461 938 624 1022; x_wconf 88' lang='lat' dir='ltr'><strong>sumptus</strong></span> <span class='ocrx_word' id='word_1_23' title='bbox 640 924 677 994; x_wconf 93' lang='lat' dir='ltr'><strong>in</strong></span> <span class='ocrx_word' id='word_1_24' title='bbox 699 922 889 1022; x_wconf 85' lang='lat' dir='ltr'><strong>superfluis</strong></span> <span class='ocrx_word' id='word_1_25' title='bbox 912 919 1143 1020; x_wconf 68' lang='lat' dir='ltr'><strong>apparatibus</strong></span> <span class='ocrx_word' id='word_1_26' title='bbox 1163 943 1247 1019; x_wconf 86' lang='lat' dir='ltr'><strong>pro·</strong></span> 
     </span>
     <span class='ocr_line' id='line_1_6' title="bbox 191 1037 1249 1139; baseline -0.003 -27"><span class='ocrx_word' id='word_1_27' title='bbox 191 1037 272 1139; x_wconf 89' lang='lat' dir='ltr'><strong>dige</strong></span> <span class='ocrx_word' id='word_1_28' title='bbox 292 1039 585 1128; x_wconf 81' lang='lat' dir='ltr'><strong>distraherentur,</strong></span> <span class='ocrx_word' id='word_1_29' title='bbox 605 1039 802 1113; x_wconf 85' lang='lat' dir='ltr'><strong>Rannulfns</strong></span> <span class='ocrx_word' id='word_1_30' title='bbox 819 1038 1068 1127; x_wconf 84' lang='lat' dir='ltr'><strong>Flambardus,</strong></span> <span class='ocrx_word' id='word_1_31' title='bbox 1084 1039 1249 1134; x_wconf 76' lang='lat' dir='ltr'><strong>jambu-</strong></span> 
     </span>
     <span class='ocr_line' id='line_1_7' title="bbox 190 1151 1247 1254; baseline 0.001 -26"><span class='ocrx_word' id='word_1_32' title='bbox 190 1153 301 1228; x_wconf 91' lang='lat' dir='ltr'><strong>nelmi</strong></span> <span class='ocrx_word' id='word_1_33' title='bbox 315 1156 516 1253; x_wconf 89' lang='lat' dir='ltr'><strong>episcopus,</strong></span> <span class='ocrx_word' id='word_1_34' title='bbox 536 1154 667 1254; x_wconf 87' lang='lat' dir='ltr'><strong>aliique</strong></span> <span class='ocrx_word' id='word_1_35' title='bbox 682 1156 774 1252; x_wconf 88' lang='lat' dir='ltr'><strong>regis</strong></span> <span class='ocrx_word' id='word_1_36' title='bbox 794 1154 961 1228; x_wconf 78' lang='lat' dir='ltr'><strong>satellites</strong></span> <span class='ocrx_word' id='word_1_37' title='bbox 976 1169 1011 1227; x_wconf 89' lang='lat' dir='ltr'><strong>et</strong></span> <span class='ocrx_word' id='word_1_38' title='bbox 1025 1152 1174 1251; x_wconf 86' lang='lat' dir='ltr'><strong>gastaldi</strong></span> <span class='ocrx_word' id='word_1_39' title='bbox 1190 1151 1247 1250; x_wconf 85' lang='lat' dir='ltr'><strong>(l)</strong></span> 
     </span>
     <span class='ocr_line' id='line_1_8' title="bbox 190 1267 1248 1369; baseline -0.004 -26"><span class='ocrx_word' id='word_1_40' title='bbox 190 1269 350 1367; x_wconf 74' lang='lat' dir='ltr'><strong>Angliam</strong></span> <span class='ocrx_word' id='word_1_41' title='bbox 358 1270 572 1369; x_wconf 88' lang='lat' dir='ltr'><strong>spoliabant,</strong></span> <span class='ocrx_word' id='word_1_42' title='bbox 580 1286 630 1360; x_wconf 87' lang='lat' dir='ltr'><strong>et,</strong></span> <span class='ocrx_word' id='word_1_43' title='bbox 640 1270 840 1343; x_wconf 90' lang='lat' dir='ltr'><strong>latronibus</strong></span> <span class='ocrx_word' id='word_1_44' title='bbox 849 1270 1002 1368; x_wconf 88' lang='lat' dir='ltr'><strong>pejores,</strong></span> <span class='ocrx_word' id='word_1_45' title='bbox 1012 1267 1248 1366; x_wconf 89' lang='lat' dir='ltr'><strong>agricolamm</strong></span> 
     </span>
     <span class='ocr_line' id='line_1_9' title="bbox 190 1381 1249 1485; baseline -0.005 -26"><span class='ocrx_word' id='word_1_46' title='bbox 190 1411 337 1460; x_wconf 87' lang='lat' dir='ltr'><strong>acervos</strong></span> <span class='ocrx_word' id='word_1_47' title='bbox 360 1411 403 1459; x_wconf 88' lang='lat' dir='ltr'><strong>ao</strong></span> <span class='ocrx_word' id='word_1_48' title='bbox 426 1388 689 1485; x_wconf 83' lang='lat' dir='ltr'><strong>negotiatorum</strong></span> <span class='ocrx_word' id='word_1_49' title='bbox 713 1387 898 1484; x_wconf 90' lang='lat' dir='ltr'><strong>congeries</strong></span> <span class='ocrx_word' id='word_1_50' title='bbox 922 1381 1249 1458; x_wconf 82' lang='lat' dir='ltr'><strong>immisericorditer</strong></span> 
     </span>
     <span class='ocr_line' id='line_1_10' title="bbox 189 1499 1249 1602; baseline -0.007 -27"><span class='ocrx_word' id='word_1_51' title='bbox 189 1501 608 1602; x_wconf 83' lang='lat' dir='ltr'><strong>diripiebant,uecetiam</strong></span> <span class='ocrx_word' id='word_1_52' title='bbox 615 1501 904 1599; x_wconf 88' lang='lat' dir='ltr'><strong>sanguinolentas</strong></span> <span class='ocrx_word' id='word_1_53' title='bbox 912 1499 1249 1574; x_wconf 88' lang='lat' dir='ltr'><strong>manusasacrisco·</strong></span> 
     </span>
     <span class='ocr_line' id='line_1_11' title="bbox 189 1615 1250 1715; baseline -0.004 -25"><span class='ocrx_word' id='word_1_54' title='bbox 189 1616 373 1690; x_wconf 87' lang='lat' dir='ltr'><strong>bibebant.</strong></span> <span class='ocrx_word' id='word_1_55' title='bbox 384 1617 670 1692; x_wconf 78' lang='lat' dir='ltr'><strong>Defunctisenim</strong></span> <span class='ocrx_word' id='word_1_56' title='bbox 680 1616 842 1692; x_wconf 85' lang='lat' dir='ltr'><strong>Ecclesiae</strong></span> <span class='ocrx_word' id='word_1_57' title='bbox 851 1616 1015 1715; x_wconf 70' lang='lat' dir='ltr'><strong>prelatis,</strong></span> <span class='ocrx_word' id='word_1_58' title='bbox 1024 1615 1119 1712; x_wconf 89' lang='lat' dir='ltr'><strong>regia</strong></span> <span class='ocrx_word' id='word_1_59' title='bbox 1127 1615 1161 1686; x_wconf 86' lang='lat' dir='ltr'><strong>vi</strong></span> <span class='ocrx_word' id='word_1_60' title='bbox 1167 1635 1250 1712; x_wconf 86' lang='lat' dir='ltr'><strong>pro-</strong></span> 
     </span>
     <span class='ocr_line' id='line_1_12' title="bbox 189 1729 1248 1833; baseline -0.004 -29"><span class='ocrx_word' id='word_1_61' title='bbox 189 1733 286 1806; x_wconf 92' lang='lat' dir='ltr'><strong>tinus</strong></span> <span class='ocrx_word' id='word_1_62' title='bbox 302 1733 555 1821; x_wconf 86' lang='lat' dir='ltr'><strong>succedebant,</strong></span> <span class='ocrx_word' id='word_1_63' title='bbox 567 1749 602 1808; x_wconf 91' lang='lat' dir='ltr'><strong>et</strong></span> <span class='ocrx_word' id='word_1_64' title='bbox 613 1759 763 1833; x_wconf 74' lang='lat' dir='ltr'><strong>quaque</strong></span> <span class='ocrx_word' id='word_1_65' title='bbox 774 1734 812 1806; x_wconf 89' lang='lat' dir='ltr'><strong>iu</strong></span> <span class='ocrx_word' id='word_1_66' title='bbox 826 1733 950 1805; x_wconf 84' lang='lat' dir='ltr'><strong>aerario</strong></span> <span class='ocrx_word' id='word_1_67' title='bbox 959 1756 1086 1805; x_wconf 87' lang='lat' dir='ltr'><strong>eorum</strong></span> <span class='ocrx_word' id='word_1_68' title='bbox 1095 1729 1248 1828; x_wconf 84' lang='lat' dir='ltr'><strong>reperie-</strong></span> 
     </span>
     <span class='ocr_line' id='line_1_13' title="bbox 189 1843 1251 1941; baseline -0.007 -18"><span class='ocrx_word' id='word_1_69' title='bbox 189 1847 335 1941; x_wconf 87' lang='lat' dir='ltr'><strong>bantur,</strong></span> <span class='ocrx_word' id='word_1_70' title='bbox 350 1852 586 1924; x_wconf 83' lang='lat' dir='ltr'><strong>irreverenter</strong></span> <span class='ocrx_word' id='word_1_71' title='bbox 599 1850 829 1924; x_wconf 88' lang='lat' dir='ltr'><strong>invadebant.</strong></span> <span class='ocrx_word' id='word_1_72' title='bbox 846 1848 1104 1922; x_wconf 88' lang='lat' dir='ltr'><strong>Coenobiorum</strong></span> <span class='ocrx_word' id='word_1_73' title='bbox 1118 1843 1251 1918; x_wconf 73' lang='lat' dir='ltr'><strong>fundoe</strong></span> 
     </span>
     <span class='ocr_line' id='line_1_14' title="bbox 191 1959 1247 2064; baseline -0.002 -29"><span class='ocrx_word' id='word_1_74' title='bbox 191 1977 227 2036; x_wconf 91' lang='lat' dir='ltr'><strong>et</strong></span> <span class='ocrx_word' id='word_1_75' title='bbox 243 1966 513 2064; x_wconf 84' lang='lat' dir='ltr'><strong>episcopatuum</strong></span> <span class='ocrx_word' id='word_1_76' title='bbox 529 1965 690 2039; x_wconf 90' lang='lat' dir='ltr'><strong>redditus</strong></span> <span class='ocrx_word' id='word_1_77' title='bbox 700 1967 864 2039; x_wconf 92' lang='lat' dir='ltr'><strong>dominio</strong></span> <span class='ocrx_word' id='word_1_78' title='bbox 877 1966 969 2062; x_wconf 87' lang='lat' dir='ltr'><strong>regis</strong></span> <span class='ocrx_word' id='word_1_79' title='bbox 981 1959 1247 2060; x_wconf 87' lang='lat' dir='ltr'><strong>mancipabant,</strong></span> 
     </span>
     <span class='ocr_line' id='line_1_15' title="bbox 192 2075 1246 2179; baseline -0.002 -28"><span class='ocrx_word' id='word_1_80' title='bbox 192 2092 228 2151; x_wconf 91' lang='lat' dir='ltr'><strong>et</strong></span> <span class='ocrx_word' id='word_1_81' title='bbox 251 2105 273 2152; x_wconf 91' lang='lat' dir='ltr'><strong>a</strong></span> <span class='ocrx_word' id='word_1_82' title='bbox 295 2081 541 2179; x_wconf 85' lang='lat' dir='ltr'><strong>superstitibus</strong></span> <span class='ocrx_word' id='word_1_83' title='bbox 566 2080 871 2172; x_wconf 86' lang='lat' dir='ltr'><strong>archimandritis,</strong></span> <span class='ocrx_word' id='word_1_84' title='bbox 902 2106 966 2155; x_wconf 90' lang='lat' dir='ltr'><strong>seu</strong></span> <span class='ocrx_word' id='word_1_85' title='bbox 994 2075 1246 2174; x_wconf 81' lang='lat' dir='ltr'><strong>Pontificibus,</strong></span> 
     </span>
     <span class='ocr_line' id='line_1_16' title="bbox 191 2193 1250 2296; baseline -0.002 -30"><span class='ocrx_word' id='word_1_86' title='bbox 191 2197 347 2267; x_wconf 89' lang='lat' dir='ltr'><strong>enormis</strong></span> <span class='ocrx_word' id='word_1_87' title='bbox 361 2198 519 2294; x_wconf 86' lang='lat' dir='ltr'><strong>pecuniae</strong></span> <span class='ocrx_word' id='word_1_88' title='bbox 535 2197 682 2295; x_wconf 87' lang='lat' dir='ltr'><strong>vectigal</strong></span> <span class='ocrx_word' id='word_1_89' title='bbox 700 2197 898 2296; x_wconf 81' lang='lat' dir='ltr'><strong>exigebant.</strong></span> <span class='ocrx_word' id='word_1_90' title='bbox 914 2197 971 2267; x_wconf 92' lang='lat' dir='ltr'><strong>Sic</strong></span> <span class='ocrx_word' id='word_1_91' title='bbox 986 2193 1151 2268; x_wconf 90' lang='lat' dir='ltr'><strong>immensi</strong></span> <span class='ocrx_word' id='word_1_92' title='bbox 1166 2215 1250 2265; x_wconf 89' lang='lat' dir='ltr'><strong>oeu-</strong></span> 
     </span>
     <span class='ocr_line' id='line_1_17' title="bbox 190 2309 1252 2413; baseline -0.001 -31"><span class='ocrx_word' id='word_1_93' title='bbox 190 2334 251 2385; x_wconf 87' lang='lat' dir='ltr'><strong>sus</strong></span> <span class='ocrx_word' id='word_1_94' title='bbox 269 2336 379 2384; x_wconf 89' lang='lat' dir='ltr'><strong>onera</strong></span> <span class='ocrx_word' id='word_1_95' title='bbox 391 2337 456 2411; x_wconf 90' lang='lat' dir='ltr'><strong>per</strong></span> <span class='ocrx_word' id='word_1_96' title='bbox 473 2314 542 2402; x_wconf 86' lang='lat' dir='ltr'><strong>las,</strong></span> <span class='ocrx_word' id='word_1_97' title='bbox 560 2338 697 2413; x_wconf 74' lang='lat' dir='ltr'><strong>perque</strong></span> <span class='ocrx_word' id='word_1_98' title='bbox 712 2315 811 2387; x_wconf 79' lang='lat' dir='ltr'><strong>nefas</strong></span> <span class='ocrx_word' id='word_1_99' title='bbox 826 2310 1108 2399; x_wconf 86' lang='lat' dir='ltr'><strong>coacervabant,</strong></span> <span class='ocrx_word' id='word_1_100' title='bbox 1124 2323 1160 2384; x_wconf 83' lang='lat' dir='ltr'><strong>et</strong></span> <span class='ocrx_word' id='word_1_101' title='bbox 1177 2309 1252 2405; x_wconf 86' lang='lat' dir='ltr'><strong>regi</strong></span> 
     </span>
     <span class='ocr_line' id='line_1_18' title="bbox 191 2428 1252 2525; baseline 0 -26"><span class='ocrx_word' id='word_1_102' title='bbox 191 2441 289 2501; x_wconf 90' lang='lat' dir='ltr'><strong>trans</strong></span> <span class='ocrx_word' id='word_1_103' title='bbox 301 2429 442 2519; x_wconf 81' lang='lat' dir='ltr'><strong>fretum,</strong></span> <span class='ocrx_word' id='word_1_104' title='bbox 455 2446 495 2503; x_wconf 91' lang='lat' dir='ltr'><strong>ut</strong></span> <span class='ocrx_word' id='word_1_105' title='bbox 506 2431 542 2502; x_wconf 91' lang='lat' dir='ltr'><strong>iu</strong></span> <span class='ocrx_word' id='word_1_106' title='bbox 555 2431 696 2504; x_wconf 85' lang='lat' dir='ltr'><strong>nefariis</strong></span> <span class='ocrx_word' id='word_1_107' title='bbox 707 2457 769 2505; x_wconf 87' lang='lat' dir='ltr'><strong>seu</strong></span> <span class='ocrx_word' id='word_1_108' title='bbox 779 2431 981 2503; x_wconf 90' lang='lat' dir='ltr'><strong>commodis</strong></span> <span class='ocrx_word' id='word_1_109' title='bbox 993 2428 1115 2502; x_wconf 84' lang='lat' dir='ltr'><strong>usibus</strong></span> <span class='ocrx_word' id='word_1_110' title='bbox 1123 2448 1252 2525; x_wconf 86' lang='lat' dir='ltr'><strong>expen-</strong></span> 
     </span>
     <span class='ocr_line' id='line_1_19' title="bbox 191 2539 1251 2643; baseline -0.003 -30"><span class='ocrx_word' id='word_1_111' title='bbox 191 2541 375 2626; x_wconf 88' lang='lat' dir='ltr'><strong>derentur,</strong></span> <span class='ocrx_word' id='word_1_112' title='bbox 394 2543 633 2618; x_wconf 86' lang='lat' dir='ltr'><strong>destinabant.</strong></span> <span class='ocrx_word' id='word_1_113' title='bbox 654 2546 868 2643; x_wconf 88' lang='lat' dir='ltr'><strong>Hujusmodi</strong></span> <span class='ocrx_word' id='word_1_114' title='bbox 884 2547 1008 2642; x_wconf 87' lang='lat' dir='ltr'><strong>utique</strong></span> <span class='ocrx_word' id='word_1_115' title='bbox 1032 2539 1251 2615; x_wconf 90' lang='lat' dir='ltr'><strong>collectioni·</strong></span> 
     </span>
     <span class='ocr_line' id='line_1_20' title="bbox 190 2654 1251 2760; baseline -0.003 -30"><span class='ocrx_word' id='word_1_116' title='bbox 190 2656 258 2731; x_wconf 90' lang='lat' dir='ltr'><strong>bus</strong></span> <span class='ocrx_word' id='word_1_117' title='bbox 267 2658 415 2757; x_wconf 84' lang='lat' dir='ltr'><strong>grandia</strong></span> <span class='ocrx_word' id='word_1_118' title='bbox 424 2661 498 2757; x_wconf 89' lang='lat' dir='ltr'><strong>regi</strong></span> <span class='ocrx_word' id='word_1_119' title='bbox 508 2663 610 2732; x_wconf 82' lang='lat' dir='ltr'><strong>xenia</strong></span> <span class='ocrx_word' id='word_1_120' title='bbox 620 2662 937 2760; x_wconf 83' lang='lat' dir='ltr'><strong>praesentabantur,</strong></span> <span class='ocrx_word' id='word_1_121' title='bbox 952 2659 1081 2759; x_wconf 91' lang='lat' dir='ltr'><strong>quibus</strong></span> <span class='ocrx_word' id='word_1_122' title='bbox 1093 2654 1251 2731; x_wconf 83' lang='lat' dir='ltr'><strong>extranei</strong></span> 
     </span>
     <span class='ocr_line' id='line_1_21' title="bbox 190 2773 1252 2874; baseline -0.004 -26"><span class='ocrx_word' id='word_1_123' title='bbox 190 2800 258 2873; x_wconf 90' lang='lat' dir='ltr'><strong>pro</strong></span> <span class='ocrx_word' id='word_1_124' title='bbox 272 2801 364 2849; x_wconf 87' lang='lat' dir='ltr'><strong>vana</strong></span> <span class='ocrx_word' id='word_1_125' title='bbox 379 2776 485 2850; x_wconf 87' lang='lat' dir='ltr'><strong>laude</strong></span> <span class='ocrx_word' id='word_1_126' title='bbox 498 2775 716 2849; x_wconf 88' lang='lat' dir='ltr'><strong>ditabantur.</strong></span> <span class='ocrx_word' id='word_1_127' title='bbox 731 2776 808 2848; x_wconf 84' lang='lat' dir='ltr'><strong>Filii</strong></span> <span class='ocrx_word' id='word_1_128' title='bbox 825 2794 946 2850; x_wconf 91' lang='lat' dir='ltr'><strong>autem</strong></span> <span class='ocrx_word' id='word_1_129' title='bbox 963 2777 1076 2874; x_wconf 89' lang='lat' dir='ltr'><strong>regni,</strong></span> <span class='ocrx_word' id='word_1_130' title='bbox 1097 2773 1252 2874; x_wconf 86' lang='lat' dir='ltr'><strong>propriis</strong></span> 
     </span>
     <span class='ocr_line' id='line_1_22' title="bbox 190 2890 1246 2989; baseline 0 -28"><span class='ocrx_word' id='word_1_131' title='bbox 190 2890 298 2965; x_wconf 91' lang='lat' dir='ltr'><strong>rebus</strong></span> <span class='ocrx_word' id='word_1_132' title='bbox 316 2894 448 2989; x_wconf 89' lang='lat' dir='ltr'><strong>injuste</strong></span> <span class='ocrx_word' id='word_1_133' title='bbox 470 2892 615 2983; x_wconf 91' lang='lat' dir='ltr'><strong>nudati,</strong></span> <span class='ocrx_word' id='word_1_134' title='bbox 644 2893 960 2981; x_wconf 88' lang='lat' dir='ltr'><strong>contristabantur,</strong></span> <span class='ocrx_word' id='word_1_135' title='bbox 981 2907 1018 2964; x_wconf 91' lang='lat' dir='ltr'><strong>et</strong></span> <span class='ocrx_word' id='word_1_136' title='bbox 1037 2891 1083 2962; x_wconf 95' lang='lat' dir='ltr'><strong>ad</strong></span> <span class='ocrx_word' id='word_1_137' title='bbox 1106 2894 1246 2989; x_wconf 69' lang='lat' dir='ltr'><strong>Deum,</strong></span> 
     </span>
     <span class='ocr_line' id='line_1_23' title="bbox 191 3004 1251 3108; baseline -0.004 -28"><span class='ocrx_word' id='word_1_138' title='bbox 191 3007 253 3108; x_wconf 88' lang='lat' dir='ltr'><strong>qui</strong></span> <span class='ocrx_word' id='word_1_139' title='bbox 271 3032 336 3105; x_wconf 87' lang='lat' dir='ltr'><strong>per</strong></span> <span class='ocrx_word' id='word_1_140' title='bbox 351 3009 445 3081; x_wconf 84' lang='lat' dir='ltr'><strong>lloth</strong></span> <span class='ocrx_word' id='word_1_141' title='bbox 461 3010 516 3107; x_wconf 85' lang='lat'><strong>(2)</strong></span> <span class='ocrx_word' id='word_1_142' title='bbox 534 3009 815 3098; x_wconf 83' lang='lat' dir='ltr'><strong>ambidextrum,</strong></span> <span class='ocrx_word' id='word_1_143' title='bbox 831 3024 1019 3108; x_wconf 88' lang='lat' dir='ltr'><strong>perempto</strong></span> <span class='ocrx_word' id='word_1_144' title='bbox 1037 3005 1151 3104; x_wconf 88' lang='lat' dir='ltr'><strong>Eglon</strong></span> <span class='ocrx_word' id='word_1_145' title='bbox 1168 3004 1251 3102; x_wconf 80' lang='lat' dir='ltr'><strong>iege</strong></span> 
     </span>
    </p>
   </div>
   <div class='ocr_carea' id='block_1_3' title="bbox 186 3203 1252 4178">
    <p class='ocr_par' dir='ltr' id='par_1_4' title="bbox 188 3203 1252 3547">
     <span class='ocr_line' id='line_1_24' title="bbox 189 3203 1252 3281; baseline -0.001 -22"><span class='ocrx_word' id='word_1_146' title='bbox 189 3213 254 3277; x_wconf 83' lang='lat' dir='ltr'><strong>part</strong></span> <span class='ocrx_word' id='word_1_147' title='bbox 265 3207 281 3258; x_wconf 79' lang='lat' dir='ltr'><strong>l</strong></span> <span class='ocrx_word' id='word_1_148' title='bbox 297 3203 323 3259; x_wconf 86' lang='lat' dir='ltr'><strong>la</strong></span> <span class='ocrx_word' id='word_1_149' title='bbox 336 3206 476 3274; x_wconf 81' lang='lat' dir='ltr'><strong>croisade,</strong></span> <span class='ocrx_word' id='word_1_150' title='bbox 489 3226 537 3264; x_wconf 83' lang='lat' dir='ltr'><strong>rur</strong></span> <span class='ocrx_word' id='word_1_151' title='bbox 549 3209 588 3265; x_wconf 90' lang='lat' dir='ltr'><strong>les</strong></span> <span class='ocrx_word' id='word_1_152' title='bbox 606 3211 743 3264; x_wconf 83' lang='lat' dir='ltr'><strong>instances</strong></span> <span class='ocrx_word' id='word_1_153' title='bbox 755 3207 892 3262; x_wconf 88' lang='lat' dir='ltr'><strong>d’Urbain</strong></span> <span class='ocrx_word' id='word_1_154' title='bbox 908 3209 949 3272; x_wconf 87' lang='grc' dir='ltr'><strong>ΙΙ,</strong></span> <span class='ocrx_word' id='word_1_155' title='bbox 964 3208 1013 3281; x_wconf 87' lang='lat' dir='ltr'><strong>qui</strong></span> <span class='ocrx_word' id='word_1_156' title='bbox 1029 3207 1097 3261; x_wconf 78' lang='lat' dir='ltr'><strong>erait</strong></span> <span class='ocrx_word' id='word_1_157' title='bbox 1109 3205 1188 3278; x_wconf 69' lang='lat' dir='ltr'><strong>passe</strong></span> <span class='ocrx_word' id='word_1_158' title='bbox 1201 3222 1252 3276; x_wconf 78' lang='lat' dir='ltr'><strong>pan·</strong></span> 
     </span>
     <span class='ocr_line' id='line_1_25' title="bbox 189 3291 1251 3371; baseline -0.006 -19"><span class='ocrx_word' id='word_1_159' title='bbox 189 3291 271 3352; x_wconf 68' lang='lat' dir='ltr'><strong>Sabis</strong></span> <span class='ocrx_word' id='word_1_160' title='bbox 283 3310 319 3347; x_wconf 86' lang='lat' dir='ltr'><strong>en</strong></span> <span class='ocrx_word' id='word_1_161' title='bbox 332 3295 417 3362; x_wconf 75' lang='lat'><strong>⁴096,</strong></span> <span class='ocrx_word' id='word_1_162' title='bbox 433 3305 494 3350; x_wconf 90' lang='lat' dir='ltr'><strong>tout</strong></span> <span class='ocrx_word' id='word_1_163' title='bbox 506 3299 604 3369; x_wconf 66' lang='lat' dir='ltr'><strong>expres</strong></span> <span class='ocrx_word' id='word_1_164' title='bbox 617 3315 690 3371; x_wconf 92' lang='lat' dir='ltr'><strong>pour</strong></span> <span class='ocrx_word' id='word_1_165' title='bbox 701 3295 737 3368; x_wconf 81' lang='lat' dir='ltr'><strong>l’y</strong></span> <span class='ocrx_word' id='word_1_166' title='bbox 750 3296 931 3350; x_wconf 77' lang='lat' dir='ltr'><strong>determiner.</strong></span> <span class='ocrx_word' id='word_1_167' title='bbox 949 3297 983 3348; x_wconf 85' lang='lat' dir='ltr'><strong>le</strong></span> <span class='ocrx_word' id='word_1_168' title='bbox 997 3310 1169 3367; x_wconf 87' lang='lat' dir='ltr'><strong>personnage</strong></span> <span class='ocrx_word' id='word_1_169' title='bbox 1181 3291 1251 3347; x_wconf 88' lang='lat' dir='ltr'><strong>dont</strong></span> 
     </span>
     <span class='ocr_line' id='line_1_26' title="bbox 188 3379 1252 3458; baseline 0 -22"><span class='ocrx_word' id='word_1_170' title='bbox 188 3381 209 3437; x_wconf 89' lang='lat' dir='ltr'><strong>il</strong></span> <span class='ocrx_word' id='word_1_171' title='bbox 221 3382 303 3456; x_wconf 83' lang='lat' dir='ltr'><strong>s’agit</strong></span> <span class='ocrx_word' id='word_1_172' title='bbox 314 3383 350 3437; x_wconf 88' lang='lat' dir='ltr'><strong>ici</strong></span> <span class='ocrx_word' id='word_1_173' title='bbox 364 3381 427 3441; x_wconf 89' lang='lat' dir='ltr'><strong>doit</strong></span> <span class='ocrx_word' id='word_1_174' title='bbox 438 3384 498 3439; x_wconf 70' lang='lat' dir='ltr'><strong>latre</strong></span> <span class='ocrx_word' id='word_1_175' title='bbox 510 3385 603 3458; x_wconf 76' lang='lat' dir='ltr'><strong>plutot</strong></span> <span class='ocrx_word' id='word_1_176' title='bbox 613 3386 733 3453; x_wconf 86' lang='lat' dir='ltr'><strong>Robert‚</strong></span> <span class='ocrx_word' id='word_1_177' title='bbox 750 3387 881 3456; x_wconf 84' lang='lat' dir='ltr'><strong>seigneur</strong></span> <span class='ocrx_word' id='word_1_178' title='bbox 895 3384 931 3440; x_wconf 85' lang='lat' dir='ltr'><strong>de</strong></span> <span class='ocrx_word' id='word_1_179' title='bbox 943 3382 1038 3452; x_wconf 88' lang='lat' dir='ltr'><strong>Sable&#39;,</strong></span> <span class='ocrx_word' id='word_1_180' title='bbox 1054 3383 1197 3438; x_wconf 69' lang='lat' dir='ltr'><strong>troisidme</strong></span> <span class='ocrx_word' id='word_1_181' title='bbox 1208 3379 1252 3437; x_wconf 79' lang='lat' dir='ltr'><strong>tn</strong></span> 
     </span>
     <span class='ocr_line' id='line_1_27' title="bbox 188 3469 611 3547; baseline 0.002 -20"><span class='ocrx_word' id='word_1_182' title='bbox 188 3469 224 3527; x_wconf 88' lang='lat' dir='ltr'><strong>de</strong></span> <span class='ocrx_word' id='word_1_183' title='bbox 234 3469 611 3547; x_wconf 70' lang='lat' dir='ltr'><strong>liobam-le-Bourgnignon.</strong></span> 
     </span>
    </p>

    <p class='ocr_par' dir='ltr' id='par_1_5' title="bbox 186 3562 1251 3904">
     <span class='ocr_line' id='line_1_28' title="bbox 223 3562 1248 3638; baseline -0.004 -21"><span class='ocrx_word' id='word_1_184' title='bbox 223 3563 263 3634; x_wconf 77' lang='lat' dir='ltr'><strong>ll)</strong></span> <span class='ocrx_word' id='word_1_185' title='bbox 276 3562 316 3618; x_wconf 90' lang='lat' dir='ltr'><strong>Ce</strong></span> <span class='ocrx_word' id='word_1_186' title='bbox 328 3574 401 3632; x_wconf 89' lang='lat' dir='ltr'><strong>mot,</strong></span> <span class='ocrx_word' id='word_1_187' title='bbox 416 3581 472 3638; x_wconf 85' lang='lat' dir='ltr'><strong>que</strong></span> <span class='ocrx_word' id='word_1_188' title='bbox 484 3562 525 3618; x_wconf 87' lang='lat' dir='ltr'><strong>les</strong></span> <span class='ocrx_word' id='word_1_189' title='bbox 538 3563 689 3619; x_wconf 79' lang='lat' dir='ltr'><strong>lombar-ds</strong></span> <span class='ocrx_word' id='word_1_190' title='bbox 702 3565 810 3621; x_wconf 76' lang='lat' dir='ltr'><strong>avaient</strong></span> <span class='ocrx_word' id='word_1_191' title='bbox 824 3566 904 3637; x_wconf 78' lang='lat' dir='ltr'><strong>porte</strong></span> <span class='ocrx_word' id='word_1_192' title='bbox 916 3583 951 3618; x_wconf 85' lang='lat' dir='ltr'><strong>en</strong></span> <span class='ocrx_word' id='word_1_193' title='bbox 966 3563 1060 3629; x_wconf 80' lang='lat' dir='ltr'><strong>Italic,</strong></span> <span class='ocrx_word' id='word_1_194' title='bbox 1075 3580 1091 3633; x_wconf 84' lang='lat' dir='ltr'>y</span> <span class='ocrx_word' id='word_1_195' title='bbox 1105 3579 1122 3614; x_wconf 87' lang='lat' dir='ltr'><strong>a</strong></span> <span class='ocrx_word' id='word_1_196' title='bbox 1133 3562 1179 3616; x_wconf 76' lang='lat' dir='ltr'><strong>ete</strong></span> <span class='ocrx_word' id='word_1_197' title='bbox 1188 3575 1248 3614; x_wconf 88' lang='lat' dir='ltr'><strong>em-</strong></span> 
     </span>
     <span class='ocr_line' id='line_1_29' title="bbox 187 3646 1251 3725; baseline -0.008 -16"><span class='ocrx_word' id='word_1_198' title='bbox 187 3649 271 3725; x_wconf 64' lang='lat' dir='ltr'><strong>ployd</strong></span> <span class='ocrx_word' id='word_1_199' title='bbox 279 3650 396 3709; x_wconf 78' lang='lat' dir='ltr'><strong>‹t’abont</strong></span> <span class='ocrx_word' id='word_1_200' title='bbox 407 3651 476 3708; x_wconf 83' lang='lat' dir='ltr'><strong>daus</strong></span> <span class='ocrx_word' id='word_1_201' title='bbox 488 3652 515 3708; x_wconf 89' lang='lat' dir='ltr'><strong>le</strong></span> <span class='ocrx_word' id='word_1_202' title='bbox 527 3670 590 3709; x_wconf 84' lang='lat' dir='ltr'><strong>aens</strong></span> <span class='ocrx_word' id='word_1_203' title='bbox 600 3652 857 3709; x_wconf 84' lang='lat' dir='ltr'><strong>d’admiuistrateur</strong></span> <span class='ocrx_word' id='word_1_204' title='bbox 868 3652 936 3706; x_wconf 86' lang='lat' dir='ltr'><strong>d’un</strong></span> <span class='ocrx_word' id='word_1_205' title='bbox 948 3651 1078 3707; x_wconf 76' lang='lat' dir='ltr'><strong>domnine</strong></span> <span class='ocrx_word' id='word_1_206' title='bbox 1089 3648 1174 3715; x_wconf 82' lang='lat' dir='ltr'><strong>rural,</strong></span> <span class='ocrx_word' id='word_1_207' title='bbox 1188 3646 1251 3720; x_wconf 80' lang='lat' dir='ltr'><strong>pun</strong></span> 
     </span>
     <span class='ocr_line' id='line_1_30' title="bbox 187 3734 1251 3813; baseline -0.007 -16"><span class='ocrx_word' id='word_1_208' title='bbox 187 3738 256 3803; x_wconf 67' lang='lat' dir='ltr'><strong>tlon</strong></span> <span class='ocrx_word' id='word_1_209' title='bbox 267 3739 341 3795; x_wconf 82' lang='lat' dir='ltr'><strong>celui</strong></span> <span class='ocrx_word' id='word_1_210' title='bbox 353 3739 389 3796; x_wconf 89' lang='lat' dir='ltr'><strong>de</strong></span> <span class='ocrx_word' id='word_1_211' title='bbox 403 3741 602 3798; x_wconf 81' lang='lat' dir='ltr'><strong>commendant</strong></span> <span class='ocrx_word' id='word_1_212' title='bbox 614 3740 699 3796; x_wconf 88' lang='lat' dir='ltr'><strong>d’une</strong></span> <span class='ocrx_word' id='word_1_213' title='bbox 715 3742 779 3796; x_wconf 82' lang='lat' dir='ltr'><strong>ville</strong></span> <span class='ocrx_word' id='word_1_214' title='bbox 793 3751 822 3796; x_wconf 84' lang='lat' dir='ltr'><strong>et</strong></span> <span class='ocrx_word' id='word_1_215' title='bbox 836 3739 948 3813; x_wconf 86' lang='lat' dir='ltr'><strong>d’agent</strong></span> <span class='ocrx_word' id='word_1_216' title='bbox 959 3739 999 3795; x_wconf 90' lang='lat' dir='ltr'><strong>dn</strong></span> <span class='ocrx_word' id='word_1_217' title='bbox 1017 3739 1073 3794; x_wconf 82' lang='lat' dir='ltr'><strong>liar.</strong></span> <span class='ocrx_word' id='word_1_218' title='bbox 1093 3738 1167 3794; x_wconf 80' lang='lat' dir='ltr'><strong>C&#39;est</strong></span> <span class='ocrx_word' id='word_1_219' title='bbox 1182 3734 1251 3791; x_wconf 73' lang='lat' dir='ltr'><strong>dans</strong></span> 
     </span>
     <span class='ocr_line' id='line_1_31' title="bbox 186 3827 935 3904; baseline -0.001 -19"><span class='ocrx_word' id='word_1_220' title='bbox 186 3836 260 3885; x_wconf 60' lang='lat' dir='ltr'><strong>uem</strong></span> <span class='ocrx_word' id='word_1_221' title='bbox 270 3827 400 3884; x_wconf 66' lang='lat' dir='ltr'><strong>dernibre</strong></span> <span class='ocrx_word' id='word_1_222' title='bbox 412 3831 557 3904; x_wconf 86' lang='lat' dir='ltr'><strong>acceptiou</strong></span> <span class='ocrx_word' id='word_1_223' title='bbox 570 3830 638 3904; x_wconf 88' lang='lat' dir='ltr'><strong>qu&#39;il</strong></span> <span class='ocrx_word' id='word_1_224' title='bbox 651 3830 711 3884; x_wconf 88' lang='lat' dir='ltr'><strong>saut</strong></span> <span class='ocrx_word' id='word_1_225' title='bbox 722 3829 876 3887; x_wconf 86' lang='lat' dir='ltr'><strong>l’eutendre</strong></span> <span class='ocrx_word' id='word_1_226' title='bbox 889 3830 935 3884; x_wconf 88' lang='lat' dir='ltr'><strong>ici.</strong></span> 
     </span>
    </p>

    <p class='ocr_par' dir='ltr' id='par_1_6' title="bbox 220 3916 1116 3994">
     <span class='ocr_line' id='line_1_32' title="bbox 220 3916 1116 3994; baseline -0.003 -21"><span class='ocrx_word' id='word_1_227' title='bbox 220 3916 261 3990; x_wconf 66' lang='lat'><strong>(2)</strong></span> <span class='ocrx_word' id='word_1_228' title='bbox 279 3918 356 3977; x_wconf 71' lang='lat' dir='ltr'><strong>tim</strong></span> <span class='ocrx_word' id='word_1_229' title='bbox 371 3942 377 3975; x_wconf 80' lang='lat' dir='ltr'><strong><em>z</em></strong></span> <span class='ocrx_word' id='word_1_230' title='bbox 391 3920 468 3976; x_wconf 78' lang='lat' dir='ltr'><strong>Aod.</strong></span> <span class='ocrx_word' id='word_1_231' title='bbox 482 3921 577 3993; x_wconf 80' lang='lat' dir='ltr'><strong>Voyez</strong></span> <span class='ocrx_word' id='word_1_232' title='bbox 591 3920 616 3976; x_wconf 89' lang='lat' dir='ltr'><strong>le</strong></span> <span class='ocrx_word' id='word_1_233' title='bbox 629 3934 670 3975; x_wconf 85' lang='grc' dir='ltr'>ιιι·</span> <span class='ocrx_word' id='word_1_234' title='bbox 683 3921 810 3994; x_wconf 82' lang='lat' dir='ltr'><strong>clrapitre</strong></span> <span class='ocrx_word' id='word_1_235' title='bbox 825 3920 864 3974; x_wconf 89' lang='lat' dir='ltr'><strong>dn</strong></span> <span class='ocrx_word' id='word_1_236' title='bbox 879 3920 947 3974; x_wconf 86' lang='lat' dir='ltr'><strong>livre</strong></span> <span class='ocrx_word' id='word_1_237' title='bbox 959 3919 1008 3974; x_wconf 87' lang='lat' dir='ltr'><strong>des</strong></span> <span class='ocrx_word' id='word_1_238' title='bbox 1021 3920 1116 3991; x_wconf 85' lang='lat' dir='ltr'><strong>Juges.</strong></span> 
     </span>
    </p>

    <p class='ocr_par' dir='ltr' id='par_1_7' title="bbox 221 4010 1250 4084">
     <span class='ocr_line' id='line_1_33' title="bbox 221 4010 1250 4084; baseline -0.012 -9"><span class='ocrx_word' id='word_1_239' title='bbox 221 4010 260 4075; x_wconf 65' lang='lat' dir='ltr'><strong>b</strong></span> <span class='ocrx_word' id='word_1_240' title='bbox 275 4012 402 4071; x_wconf 67' lang='lat' dir='ltr'><strong>nmine</strong></span> <span class='ocrx_word' id='word_1_241' title='bbox 416 4012 490 4069; x_wconf 85' lang='lat' dir='ltr'><strong>dont</strong></span> <span class='ocrx_word' id='word_1_242' title='bbox 500 4024 583 4072; x_wconf 76' lang='lat' dir='ltr'><strong>notre</strong></span> <span class='ocrx_word' id='word_1_243' title='bbox 595 4026 695 4070; x_wconf 90' lang='lat' dir='ltr'><strong>auteur</strong></span> <span class='ocrx_word' id='word_1_244' title='bbox 706 4016 777 4070; x_wconf 79' lang='lat' dir='ltr'><strong>ecrit</strong></span> <span class='ocrx_word' id='word_1_245' title='bbox 789 4033 820 4070; x_wconf 85' lang='lat' dir='ltr'><strong>ce</strong></span> <span class='ocrx_word' id='word_1_246' title='bbox 832 4033 898 4069; x_wconf 89' lang='lat' dir='ltr'><strong>nom</strong></span> <span class='ocrx_word' id='word_1_247' title='bbox 911 4013 1044 4069; x_wconf 77' lang='lat' dir='ltr'><strong>confirma</strong></span> <span class='ocrx_word' id='word_1_248' title='bbox 1061 4012 1087 4068; x_wconf 92' lang='lat' dir='ltr'><strong>la</strong></span> <span class='ocrx_word' id='word_1_249' title='bbox 1103 4026 1250 4084; x_wconf 71' lang='lat' dir='ltr'><strong>remusque</strong></span> 
     </span>
    </p>

    <p class='ocr_par' dir='ltr' id='par_1_8' title="bbox 440 4096 1251 4178">
     <span class='ocr_line' id='line_1_34' title="bbox 440 4096 1251 4178; baseline -0.007 -17"><span class='ocrx_word' id='word_1_250' title='bbox 440 4100 492 4161; x_wconf 44' lang='lat' dir='ltr'><strong>&#39;ab</strong></span> <span class='ocrx_word' id='word_1_251' title='bbox 504 4103 572 4169; x_wconf 77' lang='lat' dir='ltr'><strong>saite</strong></span> <span class='ocrx_word' id='word_1_252' title='bbox 583 4122 632 4161; x_wconf 82' lang='lat' dir='ltr'><strong>sur</strong></span> <span class='ocrx_word' id='word_1_253' title='bbox 643 4103 670 4162; x_wconf 90' lang='lat' dir='ltr'><strong>le</strong></span> <span class='ocrx_word' id='word_1_254' title='bbox 683 4123 736 4178; x_wconf 90' lang='lat' dir='ltr'><strong>peu</strong></span> <span class='ocrx_word' id='word_1_255' title='bbox 750 4104 785 4158; x_wconf 86' lang='lat' dir='ltr'><strong>de</strong></span> <span class='ocrx_word' id='word_1_256' title='bbox 797 4104 963 4159; x_wconf 82' lang='lat' dir='ltr'><strong>conformite&#39;</strong></span> <span class='ocrx_word' id='word_1_257' title='bbox 976 4102 1010 4157; x_wconf 86' lang='lat' dir='ltr'><strong>de</strong></span> <span class='ocrx_word' id='word_1_258' title='bbox 1023 4119 1065 4159; x_wconf 80' lang='lat' dir='ltr'><strong>ses</strong></span> <span class='ocrx_word' id='word_1_259' title='bbox 1075 4101 1206 4157; x_wconf 83' lang='lat' dir='ltr'><strong>citations</strong></span> <span class='ocrx_word' id='word_1_260' title='bbox 1215 4096 1251 4155; x_wconf 79' lang='lat' dir='ltr'><strong>ds</strong></span> 
     </span>
    </p>
   </div>
   <div class='ocr_carea' id='block_1_4' title="bbox 496 4202 564 4269">
    <p class='ocr_par' dir='ltr' id='par_1_9' title="bbox 496 4202 564 4269">
     <span class='ocr_line' id='line_1_35' title="bbox 496 4202 564 4269; baseline 0 -20"><span class='ocrx_word' id='word_1_261' title='bbox 496 4202 564 4269; x_wconf 66' lang='lat' dir='ltr'><strong>plu.</strong></span> 
     </span>
    </p>
   </div>
   <div class='ocr_carea' id='block_1_5' title="bbox 0 0 1449 4934">
    <p class='ocr_par' dir='ltr' id='par_1_10' title="bbox 0 0 1449 4934">
     <span class='ocr_line' id='line_1_36' title="bbox 0 0 1449 4934; baseline 0 0"><span class='ocrx_word' id='word_1_262' title='bbox 0 0 1449 4934; x_wconf 95' lang='lat' dir='ltr'><strong> </strong></span> 
     </span>
    </p>
   </div>
  </div>
 </body>
</html>
