2888 4934
192 465 316 545 [1108]
542 463 659 524 tttttttt
681 461 920 523 urtusscttttts.
1201 464 1257 525 att

190 597 253 671 itti
265 598 441 670 nimirum
455 597 590 695 aliquas
605 599 809 668 occasiones
822 596 973 670 subdole
989 598 1261 696 praetendentes,

190 712 369 785 inducias
393 711 580 811 petebant,
603 711 659 784 vel
681 711 858 802 hostibus,
882 738 952 809 qua
975 714 1263 810 tergiversatione

187 828 406 928 periculum
427 830 561 903 instans
578 843 832 927 praecaverent,
855 828 1017 901 clanculo
1038 828 1260 901 intimabant.

188 944 262 1015 Sic
286 944 520 1017 buamundus
538 943 742 1044 proditione
763 968 909 1017 suorum
930 969 1012 1016 cum
1029 947 1178 1018 catervis
1193 945 1266 1017 suis

187 1058 269 1133 diu
287 1059 433 1134 delusus
449 1075 514 1150 est,
533 1075 582 1148 et,
597 1058 784 1132 deficiente
799 1060 981 1151 alimento,
996 1063 1033 1132 in
1048 1077 1191 1135 externa
1204 1085 1266 1132 re-

186 1176 316 1273 gione
324 1176 453 1249 Christi
462 1176 633 1249 exercitus
647 1177 844 1248 exinanitus
854 1193 918 1249 est.
934 1179 1107 1275 Denique,
1122 1201 1266 1274 gravem

187 1288 369 1362 inediam
390 1315 465 1362 nou
486 1289 658 1381 serentes,
682 1291 852 1390 paulatim
876 1317 913 1364 se
940 1291 1206 1383 subtraxerunt,
1232 1308 1268 1365 et

186 1431 273 1505 per
287 1407 536 1480 Macedoniam
549 1408 675 1505 sparsi,
695 1432 820 1506 pacem
838 1410 1062 1507 Imperatoris
1079 1409 1269 1508 amplexati

188 1539 315 1615 nunt,
339 1547 458 1622 aquo
481 1524 634 1623 recepti,
662 1523 808 1596 liberam
835 1523 1038 1597 facultatem
1060 1525 1269 1598 remanendi

189 1637 277 1711 sub
286 1637 363 1727 illo,
378 1638 434 1711 vel
448 1638 558 1711 eundi
571 1638 799 1735 quovellent,
816 1654 1040 1737 acceperunt.
1054 1641 1147 1726 Quin
1163 1639 1269 1710 etiam

191 1753 374 1853 plerique
388 1754 498 1825 multa
509 1752 555 1825 ab
568 1754 697 1826 eodem
709 1754 857 1825 donaria
870 1770 1109 1852 sumpserunt,
1124 1755 1270 1852 ejusque

191 1869 370 1969 largitate
394 1872 514 1970 potiti,
541 1884 578 1943 et
596 1886 679 1969 post
699 1871 879 1967 ingentem
899 1873 1085 1969 penuriam
1103 1870 1269 1959 recreati,

191 1987 340 2084 gratias
356 2000 516 2084 egerunt.

256 2101 394 2175 Videas
417 2102 646 2175 buamundus
668 2101 768 2200 quod
787 2101 917 2172 nimios
939 2124 1046 2173 ausus
1070 2115 1274 2200 perpetrare

189 2242 286 2290 non
302 2233 442 2317 posset,
461 2218 593 2309 doluit,
612 2216 843 2315 quotidieque
861 2241 882 2289 a
898 2217 1002 2288 sociis
1020 2217 1218 2289 stimulatus
1235 2232 1275 2289 ut

190 2335 361 2430 gratiam
381 2336 527 2432 Augusti
546 2347 770 2432 procuraret,
792 2332 925 2404 diutius
941 2334 1078 2406 restitit.
1101 2331 1276 2405 Dicebant

191 2452 308 2520 enim
336 2476 346 2518 ε
372 2454 512 2522 Nostrae
539 2451 746 2520 temeritatis
764 2474 893 2546 peenas
919 2448 1063 2536 hsimus,
1091 2451 1156 2548 qui
1179 2447 1275 2519 ultra

188 2563 352 2637 natales
375 2581 513 2637 nostros
533 2580 569 2636 et
589 2567 677 2636 vires
691 2562 857 2662 superbos
874 2567 971 2635 nitus
990 2566 1219 2662 suscepimus,
1240 2578 1279 2634 et

186 2695 506 2751 connasanetum
513 2683 843 2778 Imperiummanur
852 2679 967 2751 uvare
969 2680 1272 2778 praesumpsimus.

188 2792 275 2866 Ad
288 2810 405 2867 unus
422 2821 529 2868 ausus
549 2821 614 2867 nec
629 2793 880 2866 hereditarium
893 2794 960 2893 jus
978 2821 1043 2866 nos
1060 2794 1192 2879 illesic,
1213 2817 1277 2863 nec

173 2910 464 3009 prophetarum
477 2909 619 3010 aliquis,
635 2937 659 2982 a
670 2916 746 2982 Deo
759 2909 964 2998 destinatus,
982 2909 1114 2980 coelesti
1125 2933 1189 2979 nos
1199 2933 1277 2979 ora*

187 3026 290 3099 culo
304 3031 452 3114 exciri&
465 3027 530 3100 sed
537 3027 710 3126 cupiditas
724 3030 762 3097 in
773 3028 920 3099 alterius
929 3025 1061 3097 ditione
1070 3022 1281 3097 dominandi

186 3140 329 3213 wdtta
344 3159 378 3213 te
397 3146 552 3241 incipere
562 3145 760 3242 persuasit,
782 3159 817 3214 et
837 3168 900 3213 nos
924 3142 1153 3213 nibilominus
1169 3166 1279 3238 appe·

196 3260 297 3329 tinas
323 3257 490 3329 lucrandi
509 3258 560 3330 ad
583 3256 839 3330 intolerabilem
860 3260 1042 3329 sarcinam
1064 3256 1223 3329 laborum
1245 3270 1280 3326 et

191 3370 460 3447 discriminum
469 3373 712 3446 sustinendam
719 3378 912 3473 pertraxit.
928 3379 964 3447 V
960 3400 1073 3463 erum,
1082 3363 1174 3472 quia
1184 3377 1281 3443 Deus

199 3512 285 3560 non
306 3486 488 3576 irridetis,
512 3515 576 3561 nee
594 3491 805 3589 supplantat
813 3488 1008 3588 judicium,
1035 3514 1099 3561 nec
1117 3486 1281 3560 subvertit

198 3601 456 3702 quodjustum
473 3621 541 3692 est,
563 3632 687 3702 preces
698 3606 900 3705 justorum,
925 3609 989 3704 qui
1006 3620 1132 3677 contra
1153 3627 1217 3673 nos
1233 3597 1285 3670 ad

199 3741 293 3789 eum
304 3721 344 3789 in
357 3723 493 3792 Graccis
503 3721 672 3809 clamant,
686 3720 881 3822 benigniter
888 3720 1077 3805 examiiuit,
1092 3735 1130 3790 et
1136 3718 1282 3816 agmirm

205 3849 349 3921 nostra,
363 3860 437 3905 nan
446 3834 546 3924 bella,
563 3835 628 3908 sed
635 3836 735 3927 fame
745 3853 928 3909 attenuata
935 3835 1111 3933 dispersit,
1127 3835 1282 3930 viresque

208 3964 355 4020 nostras
376 3953 453 4021 sine
478 3955 663 4051 sangtu'nis
686 3950 861 4047 effusione
883 3953 1035 4025 abodrit.
1060 3956 1133 4022 Fac
1159 3951 1277 4047 igitur,

213 4087 428 4160 quesumus,
449 4093 578 4165 pacem
603 4093 682 4140 cum
707 4073 944 4168 Imperatore,
973 4084 1164 4166 antequam
1187 4086 1282 4135 com·

213 4178 463 4271 prehendam,
483 4209 545 4255 seu
560 4200 673 4256 morte
689 4184 948 4272 condemneris,
971 4200 1009 4256 et
1023 4207 1144 4253 omnes
1162 4181 1229 4265 tui,
1249 4191 1283 4248 te
1315 4241 1318 4244 ⁴

290 4320 340 4367 ¹v·
1072 4352 1074 4357 ,
1113 4293 1158 4369 rs
