<?xml version="1.0" encoding="UTF-8"?>
<!DOCTYPE html PUBLIC "-//W3C//DTD XHTML 1.0 Transitional//EN"
    "http://www.w3.org/TR/xhtml1/DTD/xhtml1-transitional.dtd">
<html xmlns="http://www.w3.org/1999/xhtml" xml:lang="en" lang="en">
 <head>
  <title>
</title>
<meta http-equiv="Content-Type" content="text/html;charset=utf-8" />
  <meta name='ocr-system' content='tesseract 3.04.00' />
  <meta name='ocr-capabilities' content='ocr_page ocr_carea ocr_par ocr_line ocrx_word'/>
</head>
<body>
  <div class='ocr_page' id='page_1' title='image "./ordericivitalis07deligoog/ordericivitalis07deligoog_0278.png"; bbox 0 0 3130 5058; ppageno 0'>
   <div class='ocr_carea' id='block_1_1' title="bbox 483 513 1198 584">
    <p class='ocr_par' dir='ltr' id='par_1_1' title="bbox 483 513 1198 584">
     <span class='ocr_line' id='line_1_1' title="bbox 483 513 1198 584; baseline 0.01 -9"><span class='ocrx_word' id='word_1_1' title='bbox 483 513 597 576; x_wconf 79' lang='lat' dir='ltr'>LIBER</span> <span class='ocrx_word' id='word_1_2' title='bbox 619 514 858 576; x_wconf 71' lang='lat' dir='ltr'><em>contemtis.</em></span> <span class='ocrx_word' id='word_1_3' title='bbox 1138 523 1198 584; x_wconf 72' lang='lat'><em>265</em></span> 
     </span>
    </p>
   </div>
   <div class='ocr_carea' id='block_1_2' title="bbox 133 645 1203 3972">
    <p class='ocr_par' dir='ltr' id='par_1_2' title="bbox 133 645 1202 2331">
     <span class='ocr_line' id='line_1_2' title="bbox 142 645 1199 744; baseline 0.004 -24"><span class='ocrx_word' id='word_1_4' title='bbox 142 653 254 720; x_wconf 74' lang='lat' dir='ltr'><em>Actius</em></span> <span class='ocrx_word' id='word_1_5' title='bbox 265 645 511 744; x_wconf 85' lang='lat' dir='ltr'><em>uestrosfreno</em></span> <span class='ocrx_word' id='word_1_6' title='bbox 527 646 760 720; x_wconf 76' lang='lat' dir='ltr'><em>moderamini</em></span> <span class='ocrx_word' id='word_1_7' title='bbox 770 647 1005 736; x_wconf 77' lang='lat' dir='ltr'><em>discretionis,</em></span> <span class='ocrx_word' id='word_1_8' title='bbox 1019 666 1054 722; x_wconf 85' lang='lat' dir='ltr'><em>et</em></span> <span class='ocrx_word' id='word_1_9' title='bbox 1065 667 1199 724; x_wconf 87' lang='lat' dir='ltr'><em>statera</em></span> 
     </span>
     <span class='ocr_line' id='line_1_3' title="bbox 142 762 1198 850; baseline 0.003 -14"><span class='ocrx_word' id='word_1_10' title='bbox 142 762 378 850; x_wconf 79' lang='lat' dir='ltr'><em>rectimrlinis,</em></span> <span class='ocrx_word' id='word_1_11' title='bbox 400 789 445 835; x_wconf 92' lang='lat' dir='ltr'><em>ne</em></span> <span class='ocrx_word' id='word_1_12' title='bbox 462 763 632 835; x_wconf 83' lang='lat' dir='ltr'><em>scelerum</em></span> <span class='ocrx_word' id='word_1_13' title='bbox 649 767 857 836; x_wconf 80' lang='lat' dir='ltr'><em>enormitate</em></span> <span class='ocrx_word' id='word_1_14' title='bbox 876 779 1066 836; x_wconf 86' lang='lat' dir='ltr'><em>uestrorum</em></span> <span class='ocrx_word' id='word_1_15' title='bbox 1083 772 1198 839; x_wconf 88' lang='lat' dir='ltr'><em>Deum</em></span> 
     </span>
     <span class='ocr_line' id='line_1_4' title="bbox 140 877 1200 976; baseline 0.003 -23"><span class='ocrx_word' id='word_1_16' title='bbox 140 895 178 954; x_wconf 80' lang='lat' dir='ltr'><em>et</em></span> <span class='ocrx_word' id='word_1_17' title='bbox 201 879 360 952; x_wconf 76' lang='lat' dir='ltr'><em>homines</em></span> <span class='ocrx_word' id='word_1_18' title='bbox 383 882 423 949; x_wconf 92' lang='lat' dir='ltr'><em>in</em></span> <span class='ocrx_word' id='word_1_19' title='bbox 450 904 507 950; x_wconf 88' lang='lat' dir='ltr'><em>uos</em></span> <span class='ocrx_word' id='word_1_20' title='bbox 530 882 691 966; x_wconf 77' lang='lat' dir='ltr'><em>irritetis,</em></span> <span class='ocrx_word' id='word_1_21' title='bbox 719 895 755 951; x_wconf 86' lang='lat' dir='ltr'><em>et</em></span> <span class='ocrx_word' id='word_1_22' title='bbox 766 877 935 976; x_wconf 84' lang='lat' dir='ltr'><em>furorem</em></span> <span class='ocrx_word' id='word_1_23' title='bbox 961 883 1200 956; x_wconf 74' lang='lat' dir='ltr'><em>maximorum</em></span> 
     </span>
     <span class='ocr_line' id='line_1_5' title="bbox 134 992 1200 1093; baseline 0.003 -27"><span class='ocrx_word' id='word_1_24' title='bbox 134 998 344 1092; x_wconf 71' lang='lat' dir='ltr'><em>principum</em></span> <span class='ocrx_word' id='word_1_25' title='bbox 376 998 540 1093; x_wconf 86' lang='lat' dir='ltr'><em>utrinque</em></span> <span class='ocrx_word' id='word_1_26' title='bbox 573 997 775 1066; x_wconf 73' lang='lat' dir='ltr'><em>inaurato.</em></span> <span class='ocrx_word' id='word_1_27' title='bbox 814 998 904 1066; x_wconf 85' lang='lat' dir='ltr'><em>Ecce</em></span> <span class='ocrx_word' id='word_1_28' title='bbox 932 992 1200 1069; x_wconf 82' lang='lat' dir='ltr'><em>abominabilem</em></span> 
     </span>
     <span class='ocr_line' id='line_1_6' title="bbox 141 1107 1199 1212; baseline 0.006 -31"><span class='ocrx_word' id='word_1_29' title='bbox 141 1107 321 1210; x_wconf 73' lang='lat' dir='ltr'><em>offensam</em></span> <span class='ocrx_word' id='word_1_30' title='bbox 336 1113 376 1182; x_wconf 93' lang='lat' dir='ltr'><em>in</em></span> <span class='ocrx_word' id='word_1_31' title='bbox 391 1117 586 1210; x_wconf 80' lang='lat' dir='ltr'><em>Augustum</em></span> <span class='ocrx_word' id='word_1_32' title='bbox 592 1111 675 1210; x_wconf 80' lang='lat' dir='ltr'><em>Jirm</em></span> <span class='ocrx_word' id='word_1_33' title='bbox 684 1113 931 1209; x_wconf 68' lang='lat' dir='ltr'><em>perpetrastis,</em></span> <span class='ocrx_word' id='word_1_34' title='bbox 949 1114 1011 1210; x_wconf 89' lang='lat' dir='ltr'><em>qui</em></span> <span class='ocrx_word' id='word_1_35' title='bbox 1023 1112 1101 1212; x_wconf 78' lang='lat' dir='ltr'><em>ejtu</em></span> <span class='ocrx_word' id='word_1_36' title='bbox 1115 1137 1199 1186; x_wconf 90' lang='lat' dir='ltr'><em>con·</em></span> 
     </span>
     <span class='ocr_line' id='line_1_7' title="bbox 140 1225 1201 1324; baseline 0.004 -28"><span class='ocrx_word' id='word_1_37' title='bbox 140 1227 373 1324; x_wconf 69' lang='lat' dir='ltr'><em>sanguineum</em></span> <span class='ocrx_word' id='word_1_38' title='bbox 395 1242 429 1298; x_wconf 91' lang='lat' dir='ltr'><em>ct</em></span> <span class='ocrx_word' id='word_1_39' title='bbox 447 1225 570 1298; x_wconf 72' lang='lat' dir='ltr'><em>murm</em></span> <span class='ocrx_word' id='word_1_40' title='bbox 592 1228 735 1324; x_wconf 83' lang='lat' dir='ltr'><em>imperii</em></span> <span class='ocrx_word' id='word_1_41' title='bbox 755 1227 1101 1324; x_wconf 84' lang='lat' dir='ltr'><em>Constantinopoleos</em></span> <span class='ocrx_word' id='word_1_42' title='bbox 1118 1253 1201 1300; x_wconf 91' lang='lat' dir='ltr'><em>noc·</em></span> 
     </span>
     <span class='ocr_line' id='line_1_8' title="bbox 143 1337 1200 1437; baseline 0.002 -27"><span class='ocrx_word' id='word_1_43' title='bbox 143 1355 252 1410; x_wconf 85' lang='lat' dir='ltr'><em>tuma</em></span> <span class='ocrx_word' id='word_1_44' title='bbox 268 1337 359 1412; x_wconf 84' lang='lat' dir='ltr'><em>ccede</em></span> <span class='ocrx_word' id='word_1_45' title='bbox 377 1343 537 1412; x_wconf 81' lang='lat' dir='ltr'><em>necastis.</em></span> <span class='ocrx_word' id='word_1_46' title='bbox 561 1338 687 1412; x_wconf 75' lang='lat' dir='ltr'><em>Adbuc</em></span> <span class='ocrx_word' id='word_1_47' title='bbox 707 1355 824 1410; x_wconf 72' lang='lat' dir='ltr'><em>tannen</em></span> <span class='ocrx_word' id='word_1_48' title='bbox 843 1355 966 1411; x_wconf 84' lang='lat' dir='ltr'><em>contra</em></span> <span class='ocrx_word' id='word_1_49' title='bbox 986 1339 1064 1437; x_wconf 87' lang='lat' dir='ltr'><em>ejus</em></span> <span class='ocrx_word' id='word_1_50' title='bbox 1081 1343 1200 1412; x_wconf 81' lang='lat' dir='ltr'><em>umm-</em></span> 
     </span>
     <span class='ocr_line' id='line_1_9' title="bbox 141 1447 1202 1549; baseline 0.002 -29"><span class='ocrx_word' id='word_1_51' title='bbox 141 1447 383 1522; x_wconf 79' lang='lat' dir='ltr'><em>cduerstonem</em></span> <span class='ocrx_word' id='word_1_52' title='bbox 395 1449 446 1521; x_wconf 87' lang='lat' dir='ltr'><em>od</em></span> <span class='ocrx_word' id='word_1_53' title='bbox 458 1449 722 1545; x_wconf 84' lang='lat' dir='ltr'><em>lerosolymitas</em></span> <span class='ocrx_word' id='word_1_54' title='bbox 735 1448 895 1549; x_wconf 80' lang='lat' dir='ltr'><em>refugere</em></span> <span class='ocrx_word' id='word_1_55' title='bbox 901 1453 1059 1547; x_wconf 76' lang='lat' dir='ltr'><em>potestus,</em></span> <span class='ocrx_word' id='word_1_56' title='bbox 1079 1448 1202 1548; x_wconf 84' lang='lat' dir='ltr'><em>quibus</em></span> 
     </span>
     <span class='ocr_line' id='line_1_10' title="bbox 142 1563 1201 1666; baseline 0.002 -30"><span class='ocrx_word' id='word_1_57' title='bbox 142 1563 300 1636; x_wconf 89' lang='lat' dir='ltr'><em>nondum</em></span> <span class='ocrx_word' id='word_1_58' title='bbox 316 1569 493 1639; x_wconf 74' lang='lat' dir='ltr'><em>nocuistis.</em></span> <span class='ocrx_word' id='word_1_59' title='bbox 516 1571 664 1654; x_wconf 87' lang='lat' dir='ltr'><em>Verum,</em></span> <span class='ocrx_word' id='word_1_60' title='bbox 683 1569 718 1638; x_wconf 88' lang='lat' dir='ltr'><em>si</em></span> <span class='ocrx_word' id='word_1_61' title='bbox 732 1568 998 1665; x_wconf 83' lang='lat' dir='ltr'><em>magnaninuun</em></span> <span class='ocrx_word' id='word_1_62' title='bbox 1015 1569 1201 1666; x_wconf 79' lang='lat' dir='ltr'><em>Francige-</em></span> 
     </span>
     <span class='ocr_line' id='line_1_11' title="bbox 141 1677 1202 1780; baseline 0.006 -30"><span class='ocrx_word' id='word_1_63' title='bbox 141 1703 229 1750; x_wconf 86' lang='lat' dir='ltr'><em>nam</em></span> <span class='ocrx_word' id='word_1_64' title='bbox 244 1677 466 1776; x_wconf 77' lang='lat' dir='ltr'><em>offenderitis</em></span> <span class='ocrx_word' id='word_1_65' title='bbox 483 1705 598 1779; x_wconf 82' lang='lat' dir='ltr'><em>regern</em></span> <span class='ocrx_word' id='word_1_66' title='bbox 614 1680 921 1780; x_wconf 69' lang='lat' dir='ltr'><em>lerosolymam,</em></span> <span class='ocrx_word' id='word_1_67' title='bbox 940 1697 975 1753; x_wconf 85' lang='lat' dir='ltr'><em>et</em></span> <span class='ocrx_word' id='word_1_68' title='bbox 992 1706 1038 1753; x_wconf 76' lang='lat' dir='ltr'><em>en</em></span> <span class='ocrx_word' id='word_1_69' title='bbox 1054 1696 1202 1780; x_wconf 83' lang='lat' dir='ltr'><em>utroque</em></span> 
     </span>
     <span class='ocr_line' id='line_1_12' title="bbox 133 1793 1202 1894; baseline 0 -28"><span class='ocrx_word' id='word_1_70' title='bbox 133 1809 246 1889; x_wconf 81' lang='lat' dir='ltr'><em>porte</em></span> <span class='ocrx_word' id='word_1_71' title='bbox 259 1793 349 1866; x_wconf 83' lang='lat' dir='ltr'><em>vobis</em></span> <span class='ocrx_word' id='word_1_72' title='bbox 364 1793 558 1866; x_wconf 78' lang='lat' dir='ltr'><em>incubuerit</em></span> <span class='ocrx_word' id='word_1_73' title='bbox 568 1796 744 1892; x_wconf 72' lang='lat' dir='ltr'><em>prolicua,</em></span> <span class='ocrx_word' id='word_1_74' title='bbox 765 1793 1026 1894; x_wconf 73' lang='lat' dir='ltr'><em>quidsactettsl</em></span> <span class='ocrx_word' id='word_1_75' title='bbox 1046 1793 1202 1890; x_wconf 84' lang='lat' dir='ltr'><em>Quafit-</em></span> 
     </span>
     <span class='ocr_line' id='line_1_13' title="bbox 137 1908 1199 2010; baseline 0.002 -30"><span class='ocrx_word' id='word_1_76' title='bbox 137 1912 267 2008; x_wconf 58' lang='lat' dir='ltr'><em>petus?</em></span> <span class='ocrx_word' id='word_1_77' title='bbox 282 1911 358 2000; x_wconf 91' lang='lat' dir='ltr'><em>His,</em></span> <span class='ocrx_word' id='word_1_78' title='bbox 381 1910 528 2008; x_wconf 75' lang='lat' dir='ltr'><em>aliisque</em></span> <span class='ocrx_word' id='word_1_79' title='bbox 544 1911 684 2010; x_wconf 86' lang='lat' dir='ltr'><em>sapiens</em></span> <span class='ocrx_word' id='word_1_80' title='bbox 700 1910 806 1983; x_wconf 90' lang='lat' dir='ltr'><em>beros</em></span> <span class='ocrx_word' id='word_1_81' title='bbox 822 1910 924 1982; x_wconf 89' lang='lat' dir='ltr'><em>dictis</em></span> <span class='ocrx_word' id='word_1_82' title='bbox 941 1909 1067 1984; x_wconf 74' lang='lat' dir='ltr'><em>letales</em></span> <span class='ocrx_word' id='word_1_83' title='bbox 1083 1908 1199 1982; x_wconf 88' lang='lat' dir='ltr'><em>bomi-</em></span> 
     </span>
     <span class='ocr_line' id='line_1_14' title="bbox 140 2023 1201 2126; baseline 0.004 -30"><span class='ocrx_word' id='word_1_84' title='bbox 140 2023 240 2096; x_wconf 87' lang='lat' dir='ltr'><em>cidus</em></span> <span class='ocrx_word' id='word_1_85' title='bbox 261 2027 497 2126; x_wconf 82' lang='lat' dir='ltr'><em>compescuit,</em></span> <span class='ocrx_word' id='word_1_86' title='bbox 520 2042 756 2124; x_wconf 83' lang='lat' dir='ltr'><em>cruentasque</em></span> <span class='ocrx_word' id='word_1_87' title='bbox 772 2049 900 2098; x_wconf 81' lang='lat' dir='ltr'><em>manus</em></span> <span class='ocrx_word' id='word_1_88' title='bbox 914 2050 935 2098; x_wconf 89' lang='lat' dir='ltr'><em>a</em></span> <span class='ocrx_word' id='word_1_89' title='bbox 948 2024 1080 2123; x_wconf 80' lang='lat' dir='ltr'><em>jugulis</em></span> <span class='ocrx_word' id='word_1_90' title='bbox 1095 2027 1201 2100; x_wconf 91' lang='lat' dir='ltr'><em>inno·</em></span> 
     </span>
     <span class='ocr_line' id='line_1_15' title="bbox 139 2142 1202 2231; baseline 0.004 -20"><span class='ocrx_word' id='word_1_91' title='bbox 139 2154 288 2212; x_wconf 87' lang='lat' dir='ltr'><em>centum</em></span> <span class='ocrx_word' id='word_1_92' title='bbox 307 2143 365 2213; x_wconf 85' lang='lat' dir='ltr'><em>vix</em></span> <span class='ocrx_word' id='word_1_93' title='bbox 387 2143 550 2231; x_wconf 83' lang='lat' dir='ltr'><em>retinuit,</em></span> <span class='ocrx_word' id='word_1_94' title='bbox 574 2157 610 2215; x_wconf 84' lang='lat' dir='ltr'><em>et</em></span> <span class='ocrx_word' id='word_1_95' title='bbox 630 2144 723 2215; x_wconf 87' lang='lat' dir='ltr'><em>circa</em></span> <span class='ocrx_word' id='word_1_96' title='bbox 746 2142 874 2215; x_wconf 78' lang='lat' dir='ltr'><em>festum</em></span> <span class='ocrx_word' id='word_1_97' title='bbox 896 2143 1009 2215; x_wconf 85' lang='lat' dir='ltr'><em>suncti</em></span> <span class='ocrx_word' id='word_1_98' title='bbox 1030 2142 1202 2215; x_wconf 74' lang='lat' dir='ltr'><em>lobannis</em></span> 
     </span>
     <span class='ocr_line' id='line_1_16' title="bbox 139 2255 835 2331; baseline 0.001 -3"><span class='ocrx_word' id='word_1_99' title='bbox 139 2255 321 2329; x_wconf 81' lang='lat' dir='ltr'><em>licentiam</em></span> <span class='ocrx_word' id='word_1_100' title='bbox 337 2257 492 2331; x_wconf 85' lang='lat' dir='ltr'><em>abeundi</em></span> <span class='ocrx_word' id='word_1_101' title='bbox 509 2258 569 2330; x_wconf 85' lang='lat' dir='ltr'><em>vix</em></span> <span class='ocrx_word' id='word_1_102' title='bbox 585 2258 653 2329; x_wconf 85' lang='lat' dir='ltr'><em>iilis</em></span> <span class='ocrx_word' id='word_1_103' title='bbox 669 2258 835 2330; x_wconf 88' lang='lat' dir='ltr'><em>obtinuit.</em></span> 
     </span>
    </p>

    <p class='ocr_par' dir='ltr' id='par_1_3' title="bbox 138 2374 1203 3972">
     <span class='ocr_line' id='line_1_17' title="bbox 190 2374 1203 2474; baseline 0.003 -30"><span class='ocrx_word' id='word_1_104' title='bbox 190 2374 352 2470; x_wconf 89' lang='lat' dir='ltr'><em>Denique</em></span> <span class='ocrx_word' id='word_1_105' title='bbox 368 2374 425 2446; x_wconf 78' lang='lat' dir='ltr'><em>vix</em></span> <span class='ocrx_word' id='word_1_106' title='bbox 439 2374 477 2445; x_wconf 91' lang='lat' dir='ltr'><em>in</em></span> <span class='ocrx_word' id='word_1_107' title='bbox 491 2374 580 2446; x_wconf 88' lang='lat' dir='ltr'><em>duas</em></span> <span class='ocrx_word' id='word_1_108' title='bbox 595 2374 733 2470; x_wconf 81' lang='lat' dir='ltr'><em>ingredi</em></span> <span class='ocrx_word' id='word_1_109' title='bbox 748 2388 902 2447; x_wconf 81' lang='lat' dir='ltr'><em>vetustos</em></span> <span class='ocrx_word' id='word_1_110' title='bbox 917 2399 1026 2446; x_wconf 87' lang='lat' dir='ltr'><em>naves</em></span> <span class='ocrx_word' id='word_1_111' title='bbox 1041 2375 1203 2474; x_wconf 87' lang='lat' dir='ltr'><em>permissi</em></span> 
     </span>
     <span class='ocr_line' id='line_1_18' title="bbox 139 2487 1199 2588; baseline 0.004 -29"><span class='ocrx_word' id='word_1_112' title='bbox 139 2501 242 2578; x_wconf 86' lang='lat' dir='ltr'><em>sunt,</em></span> <span class='ocrx_word' id='word_1_113' title='bbox 261 2503 395 2560; x_wconf 86' lang='lat' dir='ltr'><em>etcum</em></span> <span class='ocrx_word' id='word_1_114' title='bbox 413 2490 547 2587; x_wconf 84' lang='lat' dir='ltr'><em>ingenti</em></span> <span class='ocrx_word' id='word_1_115' title='bbox 566 2487 791 2580; x_wconf 85' lang='lat' dir='ltr'><em>difficultate,</em></span> <span class='ocrx_word' id='word_1_116' title='bbox 815 2504 896 2588; x_wconf 87' lang='lat' dir='ltr'><em>post</em></span> <span class='ocrx_word' id='word_1_117' title='bbox 912 2489 1089 2588; x_wconf 87' lang='lat' dir='ltr'><em>plurimos</em></span> <span class='ocrx_word' id='word_1_118' title='bbox 1106 2491 1199 2580; x_wconf 88' lang='lat' dir='ltr'><em>dies,</em></span> 
     </span>
     <span class='ocr_line' id='line_1_19' title="bbox 139 2602 1203 2703; baseline 0.005 -31"><span class='ocrx_word' id='word_1_119' title='bbox 139 2603 177 2673; x_wconf 90' lang='lat' dir='ltr'><em>in</em></span> <span class='ocrx_word' id='word_1_120' title='bbox 191 2602 370 2698; x_wconf 79' lang='lat' dir='ltr'><em>Illyricum</em></span> <span class='ocrx_word' id='word_1_121' title='bbox 382 2604 643 2703; x_wconf 88' lang='lat' dir='ltr'><em>applicuerunt,</em></span> <span class='ocrx_word' id='word_1_122' title='bbox 663 2619 699 2676; x_wconf 88' lang='lat' dir='ltr'><em>et</em></span> <span class='ocrx_word' id='word_1_123' title='bbox 710 2606 906 2678; x_wconf 85' lang='lat' dir='ltr'><em>securiores</em></span> <span class='ocrx_word' id='word_1_124' title='bbox 919 2605 1004 2678; x_wconf 90' lang='lat' dir='ltr'><em>inde</em></span> <span class='ocrx_word' id='word_1_125' title='bbox 1017 2631 1082 2703; x_wconf 90' lang='lat' dir='ltr'><em>per</em></span> <span class='ocrx_word' id='word_1_126' title='bbox 1095 2605 1203 2679; x_wconf 86' lang='lat' dir='ltr'><em>urbes</em></span> 
     </span>
     <span class='ocr_line' id='line_1_20' title="bbox 139 2715 1198 2818; baseline 0.002 -30"><span class='ocrx_word' id='word_1_127' title='bbox 139 2731 329 2814; x_wconf 77' lang='lat' dir='ltr'><em>poetariuu</em></span> <span class='ocrx_word' id='word_1_128' title='bbox 353 2715 570 2790; x_wconf 72' lang='lat' dir='ltr'><em>carminibus</em></span> <span class='ocrx_word' id='word_1_129' title='bbox 592 2719 749 2792; x_wconf 81' lang='lat' dir='ltr'><em>celebres</em></span> <span class='ocrx_word' id='word_1_130' title='bbox 772 2720 966 2792; x_wconf 85' lang='lat' dir='ltr'><em>Bizantium</em></span> <span class='ocrx_word' id='word_1_131' title='bbox 990 2720 1198 2818; x_wconf 82' lang='lat' dir='ltr'><em>petierunt:</em></span> 
     </span>
     <span class='ocr_line' id='line_1_21' title="bbox 140 2833 1202 2932; baseline 0.003 -29"><span class='ocrx_word' id='word_1_132' title='bbox 140 2857 206 2930; x_wconf 88' lang='lat' dir='ltr'><em>per</em></span> <span class='ocrx_word' id='word_1_133' title='bbox 226 2833 378 2906; x_wconf 71' lang='lat' dir='ltr'><em>Athenas</em></span> <span class='ocrx_word' id='word_1_134' title='bbox 398 2834 548 2922; x_wconf 86' lang='lat' dir='ltr'><em>scilicet,</em></span> <span class='ocrx_word' id='word_1_135' title='bbox 574 2833 785 2932; x_wconf 68' lang='lat' dir='ltr'><em>eloquentiae</em></span> <span class='ocrx_word' id='word_1_136' title='bbox 808 2848 976 2923; x_wconf 86' lang='lat' dir='ltr'><em>matrem,</em></span> <span class='ocrx_word' id='word_1_137' title='bbox 1000 2834 1202 2931; x_wconf 88' lang='lat' dir='ltr'><em>artiumque</em></span> 
     </span>
     <span class='ocr_line' id='line_1_22' title="bbox 140 2945 1202 3046; baseline 0.002 -28"><span class='ocrx_word' id='word_1_138' title='bbox 140 2945 339 3019; x_wconf 85' lang='lat' dir='ltr'><em>liberalium</em></span> <span class='ocrx_word' id='word_1_139' title='bbox 350 2949 598 3039; x_wconf 82' lang='lat' dir='ltr'><em>inventricem,</em></span> <span class='ocrx_word' id='word_1_140' title='bbox 613 2963 649 3021; x_wconf 89' lang='lat' dir='ltr'><em>et</em></span> <span class='ocrx_word' id='word_1_141' title='bbox 661 2973 726 3046; x_wconf 89' lang='lat' dir='ltr'><em>per</em></span> <span class='ocrx_word' id='word_1_142' title='bbox 740 2947 892 3034; x_wconf 81' lang='lat' dir='ltr'><em>Thebas,</em></span> <span class='ocrx_word' id='word_1_143' title='bbox 907 2963 1141 3044; x_wconf 85' lang='lat' dir='ltr'><em>tyrannorum</em></span> <span class='ocrx_word' id='word_1_144' title='bbox 1156 2949 1202 3020; x_wconf 90' lang='lat' dir='ltr'><em>ci·</em></span> 
     </span>
     <span class='ocr_line' id='line_1_23' title="bbox 139 3059 1200 3159; baseline 0.005 -30"><span class='ocrx_word' id='word_1_145' title='bbox 139 3059 270 3132; x_wconf 83' lang='lat' dir='ltr'><em>vilibus</em></span> <span class='ocrx_word' id='word_1_146' title='bbox 278 3060 379 3136; x_wconf 87' lang='lat' dir='ltr'><em>bellis</em></span> <span class='ocrx_word' id='word_1_147' title='bbox 390 3062 603 3136; x_wconf 84' lang='lat' dir='ltr'><em>inhiantium</em></span> <span class='ocrx_word' id='word_1_148' title='bbox 611 3064 642 3159; x_wconf 85' lang='lat' dir='ltr'><em>(i</em></span> <span class='ocrx_word' id='word_1_149' title='bbox 652 3063 863 3159; x_wconf 88' lang='lat' dir='ltr'><em>)nutrioem.</em></span> <span class='ocrx_word' id='word_1_150' title='bbox 878 3062 1200 3134; x_wconf 85' lang='lat' dir='ltr'><em>Ravendinosvero</em></span> 
     </span>
     <span class='ocr_line' id='line_1_24' title="bbox 139 3175 1201 3274; baseline 0.001 -26"><span class='ocrx_word' id='word_1_151' title='bbox 139 3175 252 3248; x_wconf 89' lang='lat' dir='ltr'><em>duros</em></span> <span class='ocrx_word' id='word_1_152' title='bbox 277 3202 438 3250; x_wconf 88' lang='lat' dir='ltr'><em>rumores</em></span> <span class='ocrx_word' id='word_1_153' title='bbox 457 3182 504 3254; x_wconf 91' lang='lat' dir='ltr'><em>de</em></span> <span class='ocrx_word' id='word_1_154' title='bbox 526 3201 598 3250; x_wconf 84' lang='lat' dir='ltr'><em>suae</em></span> <span class='ocrx_word' id='word_1_155' title='bbox 620 3177 805 3274; x_wconf 78' lang='lat' dir='ltr'><em>legationis</em></span> <span class='ocrx_word' id='word_1_156' title='bbox 834 3175 1020 3250; x_wconf 84' lang='lat' dir='ltr'><em>eventibus</em></span> <span class='ocrx_word' id='word_1_157' title='bbox 1044 3175 1201 3249; x_wconf 89' lang='lat' dir='ltr'><em>dominis</em></span> 
     </span>
     <span class='ocr_line' id='line_1_25' title="bbox 139 3292 1200 3390; baseline 0.002 -26"><span class='ocrx_word' id='word_1_158' title='bbox 139 3293 231 3381; x_wconf 77' lang='lat' dir='ltr'><em>suis,</em></span> <span class='ocrx_word' id='word_1_159' title='bbox 256 3293 429 3390; x_wconf 82' lang='lat' dir='ltr'><em>aquibus</em></span> <span class='ocrx_word' id='word_1_160' title='bbox 450 3293 645 3366; x_wconf 81' lang='lat' dir='ltr'><em>destinatus</em></span> <span class='ocrx_word' id='word_1_161' title='bbox 666 3293 798 3382; x_wconf 76' lang='lat' dir='ltr'><em>isserat,</em></span> <span class='ocrx_word' id='word_1_162' title='bbox 821 3293 959 3382; x_wconf 87' lang='lat' dir='ltr'><em>retulit,</em></span> <span class='ocrx_word' id='word_1_163' title='bbox 980 3307 1016 3366; x_wconf 87' lang='lat' dir='ltr'><em>et</em></span> <span class='ocrx_word' id='word_1_164' title='bbox 1032 3292 1200 3366; x_wconf 76' lang='lat' dir='ltr'><em>multase</em></span> 
     </span>
     <span class='ocr_line' id='line_1_26' title="bbox 140 3407 1197 3508; baseline 0.001 -28"><span class='ocrx_word' id='word_1_165' title='bbox 140 3421 267 3480; x_wconf 84' lang='lat' dir='ltr'><em>contra</em></span> <span class='ocrx_word' id='word_1_166' title='bbox 290 3407 328 3479; x_wconf 91' lang='lat' dir='ltr'><em>in</em></span> <span class='ocrx_word' id='word_1_167' title='bbox 350 3432 414 3480; x_wconf 86' lang='lat' dir='ltr'><em>sua</em></span> <span class='ocrx_word' id='word_1_168' title='bbox 434 3409 580 3506; x_wconf 78' lang='lat' dir='ltr'><em>regione</em></span> <span class='ocrx_word' id='word_1_169' title='bbox 599 3409 813 3483; x_wconf 80' lang='lat' dir='ltr'><em>mutationes</em></span> <span class='ocrx_word' id='word_1_170' title='bbox 833 3411 1022 3508; x_wconf 78' lang='lat' dir='ltr'><em>contigisse</em></span> <span class='ocrx_word' id='word_1_171' title='bbox 1039 3409 1197 3482; x_wconf 89' lang='lat' dir='ltr'><em>edidicit.</em></span> 
     </span>
     <span class='ocr_line' id='line_1_27' title="bbox 139 3523 1201 3626; baseline 0.002 -32"><span class='ocrx_word' id='word_1_172' title='bbox 139 3527 180 3595; x_wconf 91' lang='lat' dir='ltr'><em>In</em></span> <span class='ocrx_word' id='word_1_173' title='bbox 201 3523 258 3596; x_wconf 82' lang='lat' dir='ltr'><em>bis</em></span> <span class='ocrx_word' id='word_1_174' title='bbox 282 3526 377 3598; x_wconf 90' lang='lat' dir='ltr'><em>enim</em></span> <span class='ocrx_word' id='word_1_175' title='bbox 399 3525 750 3626; x_wconf 80' lang='lat' dir='ltr'><em>percunctationibus</em></span> <span class='ocrx_word' id='word_1_176' title='bbox 766 3525 960 3600; x_wconf 87' lang='lat' dir='ltr'><em>Baiduinus</em></span> <span class='ocrx_word' id='word_1_177' title='bbox 978 3551 1055 3614; x_wconf 84' lang='lat' dir='ltr'><em>rex,</em></span> <span class='ocrx_word' id='word_1_178' title='bbox 1079 3539 1119 3598; x_wconf 91' lang='lat' dir='ltr'><em>ut</em></span> <span class='ocrx_word' id='word_1_179' title='bbox 1139 3549 1201 3597; x_wconf 86' lang='lat' dir='ltr'><em>su-</em></span> 
     </span>
     <span class='ocr_line' id='line_1_28' title="bbox 138 3638 1201 3740; baseline 0.001 -29"><span class='ocrx_word' id='word_1_180' title='bbox 138 3638 260 3736; x_wconf 87' lang='lat' dir='ltr'><em>perius</em></span> <span class='ocrx_word' id='word_1_181' title='bbox 278 3640 411 3713; x_wconf 83' lang='lat' dir='ltr'><em>aiiatim</em></span> <span class='ocrx_word' id='word_1_182' title='bbox 430 3641 553 3728; x_wconf 88' lang='lat' dir='ltr'><em>retuli,</em></span> <span class='ocrx_word' id='word_1_183' title='bbox 578 3665 600 3713; x_wconf 86' lang='lat' dir='ltr'><em>a</em></span> <span class='ocrx_word' id='word_1_184' title='bbox 621 3639 727 3713; x_wconf 81' lang='lat' dir='ltr'><em>Balad</em></span> <span class='ocrx_word' id='word_1_185' title='bbox 746 3657 873 3740; x_wconf 82' lang='lat' dir='ltr'><em>coptus</em></span> <span class='ocrx_word' id='word_1_186' title='bbox 894 3656 958 3715; x_wconf 87' lang='lat' dir='ltr'><em>est.</em></span> <span class='ocrx_word' id='word_1_187' title='bbox 983 3645 1201 3740; x_wconf 87' lang='lat' dir='ltr'><em>Imperatore</em></span> 
     </span>
     <span class='ocr_line' id='line_1_29' title="bbox 139 3753 1201 3855; baseline 0.003 -31"><span class='ocrx_word' id='word_1_188' title='bbox 139 3769 260 3828; x_wconf 87' lang='lat' dir='ltr'><em>autem</em></span> <span class='ocrx_word' id='word_1_189' title='bbox 278 3753 399 3828; x_wconf 72' lang='lat' dir='ltr'><em>Alexio</em></span> <span class='ocrx_word' id='word_1_190' title='bbox 417 3770 497 3854; x_wconf 81' lang='lat' dir='ltr'><em>post</em></span> <span class='ocrx_word' id='word_1_191' title='bbox 517 3753 627 3828; x_wconf 86' lang='lat' dir='ltr'><em>breve</em></span> <span class='ocrx_word' id='word_1_192' title='bbox 647 3771 789 3855; x_wconf 89' lang='lat' dir='ltr'><em>tempus</em></span> <span class='ocrx_word' id='word_1_193' title='bbox 809 3755 996 3848; x_wconf 74' lang='lat' dir='ltr'><em>destructo,</em></span> <span class='ocrx_word' id='word_1_194' title='bbox 1019 3755 1201 3828; x_wconf 77' lang='lat' dir='ltr'><em>iohannes</em></span> 
     </span>
     <span class='ocr_line' id='line_1_30' title="bbox 139 3871 1202 3972; baseline 0.003 -30"><span class='ocrx_word' id='word_1_195' title='bbox 139 3875 337 3971; x_wconf 84' lang='lat' dir='ltr'><em>imperator</em></span> <span class='ocrx_word' id='word_1_196' title='bbox 365 3872 477 3944; x_wconf 83' lang='lat' dir='ltr'><em>iactus</em></span> <span class='ocrx_word' id='word_1_197' title='bbox 504 3888 569 3944; x_wconf 85' lang='lat' dir='ltr'><em>est.</em></span> <span class='ocrx_word' id='word_1_198' title='bbox 600 3871 705 3945; x_wconf 88' lang='lat' dir='ltr'><em>Unde</em></span> <span class='ocrx_word' id='word_1_199' title='bbox 729 3873 767 3944; x_wconf 93' lang='lat' dir='ltr'><em>in</em></span> <span class='ocrx_word' id='word_1_200' title='bbox 799 3886 852 3945; x_wconf 89' lang='lat' dir='ltr'><em>tot</em></span> <span class='ocrx_word' id='word_1_201' title='bbox 879 3871 1202 3972; x_wconf 83' lang='lat' dir='ltr'><em>permutationibus</em></span> 
     </span>
    </p>
   </div>
   <div class='ocr_carea' id='block_1_3' title="bbox 140 4157 1198 4322">
    <p class='ocr_par' dir='ltr' id='par_1_4' title="bbox 140 4157 1198 4322">
     <span class='ocr_line' id='line_1_31' title="bbox 172 4157 1198 4240; baseline 0.004 -26"><span class='ocrx_word' id='word_1_202' title='bbox 172 4159 214 4227; x_wconf 84' lang='lat' dir='ltr'><em>(i)</em></span> <span class='ocrx_word' id='word_1_203' title='bbox 231 4157 253 4210; x_wconf 89' lang='lat' dir='ltr'><em>lt</em></span> <span class='ocrx_word' id='word_1_204' title='bbox 272 4157 351 4230; x_wconf 70' lang='lat' dir='ltr'><em>s&#39;ngit</em></span> <span class='ocrx_word' id='word_1_205' title='bbox 366 4177 466 4217; x_wconf 86' lang='lat' dir='ltr'><em>encore</em></span> <span class='ocrx_word' id='word_1_206' title='bbox 482 4164 517 4217; x_wconf 88' lang='lat' dir='ltr'><em>ici</em></span> <span class='ocrx_word' id='word_1_207' title='bbox 531 4162 580 4218; x_wconf 86' lang='lat' dir='ltr'><em>des</em></span> <span class='ocrx_word' id='word_1_208' title='bbox 591 4161 700 4220; x_wconf 71' lang='lat' dir='ltr'><em>enisum</em></span> <span class='ocrx_word' id='word_1_209' title='bbox 713 4161 871 4237; x_wconf 84' lang='lat' dir='ltr'><em>d’OEdipe‚</em></span> <span class='ocrx_word' id='word_1_210' title='bbox 884 4184 940 4240; x_wconf 89' lang='lat' dir='ltr'><em>que</em></span> <span class='ocrx_word' id='word_1_211' title='bbox 952 4181 1022 4220; x_wconf 80' lang='lat' dir='ltr'><em>nous</em></span> <span class='ocrx_word' id='word_1_212' title='bbox 1037 4180 1120 4220; x_wconf 78' lang='lat' dir='ltr'><em>avons</em></span> <span class='ocrx_word' id='word_1_213' title='bbox 1137 4161 1198 4234; x_wconf 73' lang='lat' dir='ltr'><em>deii</em></span> 
     </span>
     <span class='ocr_line' id='line_1_32' title="bbox 140 4242 863 4322; baseline 0.018 -27"><span class='ocrx_word' id='word_1_214' title='bbox 140 4261 189 4298; x_wconf 78' lang='lat' dir='ltr'><em>cus</em></span> <span class='ocrx_word' id='word_1_215' title='bbox 203 4242 268 4318; x_wconf 75' lang='lat' dir='ltr'><em>plue</em></span> <span class='ocrx_word' id='word_1_216' title='bbox 279 4244 440 4301; x_wconf 82' lang='lat' dir='ltr'><em>sinirement</em></span> <span class='ocrx_word' id='word_1_217' title='bbox 451 4247 578 4321; x_wconf 70' lang='lat' dir='ltr'><em>designes</em></span> <span class='ocrx_word' id='word_1_218' title='bbox 592 4249 743 4316; x_wconf 79' lang='lat' dir='ltr'><em>ci-dessus,</em></span> <span class='ocrx_word' id='word_1_219' title='bbox 758 4269 786 4322; x_wconf 88' lang='lat' dir='ltr'><em>p.</em></span> <span class='ocrx_word' id='word_1_220' title='bbox 800 4253 863 4308; x_wconf 75' lang='lat' dir='ltr'><em>tic.</em></span> 
     </span>
    </p>
   </div>
   <div class='ocr_carea' id='block_1_4' title="bbox 0 0 1571 5058">
    <p class='ocr_par' dir='ltr' id='par_1_5' title="bbox 0 0 1571 5058">
     <span class='ocr_line' id='line_1_33' title="bbox 0 0 1571 5058; baseline 0 0"><span class='ocrx_word' id='word_1_221' title='bbox 0 0 1571 5058; x_wconf 95' lang='lat' dir='ltr'><em> </em></span> 
     </span>
    </p>
   </div>
  </div>
 </body>
</html>
