3178 5052
357 476 412 536 ns
626 469 810 532 nrsroan
833 470 1140 532 sccsssnsrrcl.
1207 473 1419 550 [nos-nos]

353 628 463 702 quam
475 603 591 676 soceri
600 604 654 675 sui
668 627 819 700 regnum
831 601 995 675 obtinere
1006 601 1224 701 concupivit.
1241 602 1418 674 immode-

352 733 429 794 rata
445 718 621 818 cupiditas
637 718 840 817 plusquam
857 717 965 791 debet
977 719 1121 815 quaerit3
1136 717 1222 791 inde
1239 717 1418 817 plerisque

352 835 452 934 quod
462 836 557 932 juste
567 835 824 934 adipiscuntur,
838 835 958 909 subito
968 835 1073 908 tollit.
1091 836 1205 908 Fortis
1217 861 1279 910 rex
1290 835 1419 934 Anglo-

353 975 446 1041 rum,
458 973 526 1049 pro
538 949 754 1047 malignitate
765 951 950 1042 audberti,
965 967 1079 1024 totam
1089 952 1300 1050 progeniem
1313 967 1350 1024 et
1359 975 1419 1051 pa·

352 1067 525 1140 rentelam
542 1069 618 1166 ejus
635 1069 722 1140 odio
736 1069 883 1158 habuit,
903 1075 1043 1168 suoque
1060 1069 1105 1143 de
1122 1093 1234 1166 regno
1251 1069 1420 1142 radicitus

353 1207 480 1257 omnes
493 1184 671 1283 extirpare
682 1183 851 1258 decrevit.
868 1186 1085 1257 Occasiones
1097 1209 1183 1283 ergo
1195 1200 1323 1258 contra
1335 1209 1420 1284 prae·

352 1296 443 1368 latos
469 1295 593 1368 fratres
618 1297 820 1393 exquisivit,
851 1298 1130 1395 qualescumque
1153 1299 1289 1370 invenit
1310 1298 1419 1396 perti·

352 1410 488 1482 nauiter
504 1409 702 1501 ventilavit,
719 1427 755 1483 et
773 1411 1007 1485 exheredatos
1022 1411 1069 1485 de
1084 1411 1217 1484 finibus
1233 1413 1421 1485 Britannias

352 1524 586 1623 propulsavit.
614 1529 756 1598 Terram
784 1551 948 1627 quoque,
974 1553 1083 1628 quam
1107 1529 1278 1626 Rogerius
1301 1530 1421 1601 senior

353 1663 476 1713 comes
500 1639 649 1713 dederat
677 1641 1006 1716 sanctimonialibus
1034 1643 1316 1716 almaniscarum
1347 1643 1418 1741 (l),

353 1759 525 1855 quoniam
542 1762 670 1830 limma
684 1758 861 1832 abbatissa
875 1774 952 1832 erat
966 1759 1221 1858 praedictorum
1239 1783 1345 1831 soror
1362 1783 1422 1830 oo·

354 1875 494 1964 mitum,
509 1875 699 1972 impatiens
709 1875 857 1965 vindex,
874 1873 1030 1950 ecclesiae
1044 1875 1222 1971 virginum
1233 1874 1422 1946 immiseri-

352 1989 509 2062 corditer
520 1989 677 2081 abstulit,
694 2006 730 2063 et
741 1992 922 2082 Savarias),
938 1989 1083 2062 Chamae
1095 1989 1182 2081 filio,
1199 2013 1267 2088 pro
1280 1989 1422 2062 militari

352 2102 495 2174 servitio
512 2103 701 2174 concessit.

401 2218 464 2290 His
489 2216 610 2315 itaque
635 2217 762 2314 sugatis
786 2217 833 2289 de
861 2215 1005 2314 Anglia,
1032 2217 1228 2290 vehemens
1251 2214 1423 2288 acerbitas

353 2333 520 2429 nequitiae
542 2334 656 2405 crevit
678 2333 715 2404 in
738 2334 925 2423 Illeustria,¹
948 2349 984 2407 et
1006 2359 1072 2433 per
1093 2333 1287 2407 triennium
1311 2334 1422 2404 innu-

354 2472 451 2522 mera
492 2449 709 2548 perpetravit
745 2448 916 2522 facinora.
954 2449 1054 2522 Villae
1089 2447 1266 2546 siquidem
1302 2447 1423 2547 plnres

354 2561 581 2662 depopulatae
608 2578 709 2652 sunt,
742 2579 777 2636 et
807 2563 959 2638 basilicae
987 2589 1070 2637 cum
1100 2563 1329 2652 hominibus,
1361 2563 1423 2660 qui

354 2677 399 2751 ad
421 2679 516 2769 illas,
542 2694 582 2753 ut
604 2677 667 2751 filii
688 2678 736 2752 ad
756 2680 879 2752 matris
897 2680 1034 2768 sinum,
1061 2679 1312 2774 confugerant,
1337 2700 1424 2749 con·

354 2809 518 2867 crematae
544 2808 641 2866 sunt.
663 2799 751 2866 Tota
778 2818 871 2892 pene
893 2793 1112 2866 Normannia
1137 2793 1174 2864 in
1200 2790 1423 2864 liudbertum

354 2925 573 2998 surrexerat,
606 2911 755 3009 parique
788 2909 1038 3006 conjuratione
1068 2907 1119 2980 illi
1149 2909 1310 2980 resistere
1337 2932 1424 2979 con·

353 3027 565 3124 spiraverat;
586 3025 652 3099 sed
673 3025 818 3109 frustra,
842 3025 1016 3121 quoniam
1039 3025 1153 3122 capite
1175 3046 1264 3095 sano
1285 3037 1413 3094 contm

390 3242 430 3312 (4)
443 3239 578 3312 L‘abbaye
589 3239 815 3306 d'Alnveneches‚
830 3249 931 3294 canton
944 3239 979 3294 de
992 3239 1129 3310 Mortree,
1146 3250 1227 3294 entre
1239 3240 1384 3312 Argentea
1397 3247 1427 3294 et

355 3328 431 3384 seez.
448 3326 472 3381 Il
484 3328 556 3382 avait
567 3328 654 3382 existe
665 3326 690 3382 ll
704 3347 742 3383 nn
755 3329 912 3383 monestere
923 3327 959 3382 de
971 3327 1086 3382 semmes
1099 3347 1134 3382 aa
1146 3339 1205 3381 rm·
1216 3327 1308 3394 siecle,
1324 3325 1424 3382 sousla

355 3413 494 3470 directior
515 3411 552 3468 de
571 3412 660 3468 sainte
680 3413 842 3482 Lanthilde,
863 3413 949 3489 qu’on
969 3431 1087 3487 suppose
1107 3413 1185 3468 avoir
1201 3415 1252 3469 fait
1273 3415 1363 3487 partie
1377 3413 1424 3467 des

355 3504 457 3580 quinae
470 3502 591 3558 maisons
604 3501 764 3576 religienses
776 3503 890 3560 londees
906 3521 955 3578 par
972 3502 1045 3559 saint
1061 3502 1177 3560 Evroult
1188 3502 1257 3558 dans
1270 3511 1344 3559 cette
1355 3519 1425 3556 con·

355 3593 424 3648 trie.
436 3591 527 3665 Apris
538 3590 764 3648 l’e'tablissement
774 3591 823 3648 des
835 3592 1004 3660 Normands,
1016 3590 1069 3647 elle
1080 3592 1124 3647 fut
1134 3591 1243 3648 donnes
1253 3607 1307 3646 aux
1319 3589 1426 3646 moines

355 3681 392 3738 de
411 3681 546 3754 semp,
570 3698 621 3754 per
640 3679 764 3735 Richard
778 3681 820 3749 11,
841 3682 904 3756 puis
919 3680 1017 3750 cedde,
1039 3699 1090 3755 par
1106 3681 1233 3748 ceux-ci,
1252 3679 1377 3754 alioger
1391 3677 1426 3733 de

358 3769 590 3844 Montgommeri,
609 3769 658 3844 qui
677 3788 696 3842 y
713 3769 827 3825 retablit
848 3787 904 3825 une
923 3768 1027 3842 abbaye
1046 3768 1082 3824 de
1102 3769 1277 3842 religieuses,
1297 3786 1333 3825 en
1345 3766 1424 3825 444744.

358 3860 431 3916 leur
449 3857 587 3933 premiere
598 3857 712 3914 abbesse
723 3857 866 3933 s'appelait
878 3856 1016 3914 Adelasie.
1035 3857 1146 3925 limma,
1160 3856 1217 3914 fille
1234 3857 1270 3914 de
1282 3855 1389 3932 Roga,
1402 3855 1428 3910 la

357 3945 494 4021 remplaqs
508 3964 543 4002 en
554 3947 639 4013 tots,
654 3955 683 4001 et
696 3962 732 4000 ne
745 3954 860 4000 mourut
870 3962 927 4020 quc
938 3944 965 4000 le
976 3947 993 4002 t
1007 3961 1081 4000 mars
1092 3948 1172 4001 44444.

393 4033 514 4104 Savaric,
528 4033 570 4090 fils
582 4033 619 4088 de
630 4033 721 4089 Cham
733 4050 771 4088 ou
782 4032 867 4101 Cane,
881 4031 950 4088 erait
963 4031 1038 4088 frere
1050 4033 1224 4105 consanguiu
1238 4029 1380 4088 d'Hubert
1392 4027 1426 4082 de

359 4121 607 4195 sainte-Summe,
618 4139 726 4178 comme
737 4137 808 4176 nous
818 4118 921 4176 l’avons
932 4139 968 4176 vu
977 4119 1122 4192 sidereus,
1132 4129 1154 4176 t.
1166 4121 1223 4188 111,
1236 4138 1264 4192 p.
1275 4123 1339 4176 ³6⁰.
1350 4115 1426 4174 Cane

360 4229 397 4267 ou
410 4211 501 4268 Cbam
513 4219 556 4266 est
569 4209 595 4265 le
606 4227 672 4266 nom
683 4208 719 4264 de
730 4226 760 4264 sa
773 4209 859 4265 mere.
