2888 4934
216 462 427 543 [uranu]
555 459 675 526 staua
694 459 934 524 ounneruus.
1214 463 1275 525 sor

216 597 316 697 pino
329 596 404 694 (l),
426 619 505 694 qnae
522 596 560 668 in
577 597 694 696 ipsum
712 596 980 686 commiserant,
1002 593 1201 692 benigniter
1220 597 1276 669 in-

216 711 341 784 dulsit.
353 710 483 783 Exules
496 713 616 798 etiarn,
628 736 719 809 quos
726 712 858 811 impius
870 709 1068 783 uodherrus
1079 710 1273 809 expulerat,

216 827 422 918 revocavit,
453 840 490 899 et
517 843 665 927 paterna
693 849 778 898 rura
809 825 1001 900 clementer
1027 826 1078 899 eis
1109 828 1273 900 restituit.

217 940 394 1014 Fuelssias
410 964 499 1014 vero
514 943 580 1014 Dei
597 970 606 1014 z
623 942 826 1015 Uticensem
841 940 1005 1015 videlicet
1018 965 1061 1014 ao
1072 941 1276 1039 sagiensem

218 1070 254 1130 et
276 1060 556 1148 Troarnensem,
582 1080 661 1156 quae
686 1056 754 1129 sub
776 1057 874 1155 gravi
897 1058 1128 1156 oppressione
1150 1056 1277 1130 ferocis

218 1170 297 1245 beri
313 1170 375 1244 diu
393 1187 612 1269 gemuerant,
631 1196 757 1245 serena
772 1170 987 1245 relevatione
999 1171 1223 1261 exhilaravit,
1242 1185 1278 1244 et

219 1287 392 1379 ecelesiis,
413 1287 649 1388 decimisque,
672 1313 755 1360 oum
772 1287 849 1360 aliis
867 1288 1167 1387 possessionibus,
1190 1312 1279 1385 quas

219 1402 351 1500 injuste
361 1403 565 1493 amiserant,
580 1405 766 1477 resaisivit.
782 1405 914 1497 Sancto
928 1404 1025 1475 enim
1038 1402 1186 1474 Ebrulfo
1200 1403 1280 1476 red·

220 1517 315 1591 didit
334 1543 414 1590 m.
427 1518 904 1592 solidosCenomanensium
927 1517 982 1616 (2)
1008 1517 1055 1590 de
1082 1517 1280 1591 redditibus

222 1632 424 1707 llencionis
444 1634 491 1707 ad
508 1634 697 1707 luminaria
721 1634 892 1723 ecclesiae,
914 1658 1006 1731 quos
1025 1634 1195 1731 llogerius
1215 1657 1278 1706 co·

222 1768 317 1837 mes,
346 1748 568 1821 concedente
592 1747 775 1821 Rodberto
797 1747 872 1819 lilio
896 1772 981 1840 auo,
1010 1748 1157 1846 singulis
1179 1749 1281 1820 annis

222 1861 371 1935 dsderat
381 1865 419 1935 in
433 1865 549 1963 capite
560 1865 858 1962 Quadragesimae,
874 1878 911 1936 et
923 1879 1048 1936 caetera
1065 1864 1186 1936 omnia
1203 1889 1281 1961 qnae

222 1976 321 2051 idem
344 2003 466 2063 comes
490 1981 527 2053 in
551 1994 649 2053 carta
676 1979 894 2072 firmaverat,
921 1980 985 2052 sed
1009 1981 1153 2077 iniquus
1178 1979 1282 2053 berea

221 2094 387 2192 mqniter
402 2095 606 2169 abstulerat.

267 2209 434 2308 Denique
449 2237 508 2284 rex
525 2212 728 2285 Ludovieus
744 2213 864 2285 multis
878 2213 994 2286 modis
1011 2229 1175 2314 expertus
1190 2219 1283 2286 Hen-

223 2326 286 2398 rici
318 2329 411 2425 regis
441 2329 695 2402 sublimitatem
725 2344 761 2402 et
787 2331 969 2428 ingentem
998 2330 1210 2404 industriam
1240 2354 1283 2403 ac

221 2441 454 2539 probitatem,
477 2446 603 2543 spretis
623 2444 885 2544 proditoribus,
908 2447 971 2544 qui
992 2445 1185 2520 seditiones
1203 2446 1284 2545 paci

221 2556 496 2655 preponebant,
521 2558 679 2658 colloqui
699 2584 782 2632 cum
801 2560 1027 2659 eoexpetiit,
1049 2561 1283 2658 stabilemque

222 2669 266 2743 ad
277 2686 413 2745 sanctse
426 2672 625 2772 proiectum
638 2675 803 2748 Ecclesia
816 2701 942 2776 pacem
955 2674 1098 2747 firmare
1111 2675 1280 2748 decrevit.

226 2785 339 2860 Ambo
351 2788 471 2886 itaque
482 2813 595 2887 reges,
606 2788 804 2862 indictione
816 2797 866 2862 vr·
879 2788 1053 2862 in'ultima
1067 2791 1186 2863 martii
1201 2787 1284 2861 heb-

223 2897 545 2976 domada-Gisortis
560 2919 807 2977 convenerunt
825 2905 894 3001 (3),
912 2919 947 2976 et
960 2928 1003 2976 ex
1017 2918 1168 3001 utraque
1184 2917 1285 3000 parte

223 3013 336 3108 jurata
365 3042 453 3115 pace
482 3044 565 3090 cum
596 3043 727 3116 magno
762 3018 958 3092 multorum
989 3019 1120 3118 gaudio
1150 3020 1284 3092 amoris

227 3129 373 3216 tinctrlo·
398 3132 613 3232 complexati
641 3148 737 3206 sunt.
769 3138 869 3207 Tunc
899 3135 1102 3208 Ludovieus
1127 3136 1282 3210 Henrico

229 3245 416 3321 belismum
440 3264 477 3320 et
499 3249 824 3322 cenomanensium
843 3251 1071 3342 comitatum,
1098 3265 1290 3351 totamque

248 3571 292 3644 (l)
311 3568 477 3627 Guillaume
490 3570 624 3644 Crespin,
639 3569 776 3627 chatelaio
789 3570 825 3626 de
838 3571 950 3644 Dangu.

245 3661 292 3730 (2)
312 3657 403 3713 Nou-e
415 3668 510 3714 serant
519 3659 585 3725 ami,
597 3660 637 3716 Μ.
651 3658 773 3732 Leopold
786 3659 898 3728 Deliale,
911 3660 1032 3717 attribue
1043 3664 1060 3717 a
1071 3661 1179 3717 chacun
1192 3659 1227 3716 de
1239 3677 1292 3714 ces.

202 3751 279 3804 ”us
289 3763 447 3802 maueeaur
459 3746 618 3803 urrevalenr
626 3748 801 3822 intrinsdque
812 3745 956 3805 d'enriron
968 3751 1037 3806 troia
1047 3751 1139 3807 lnnea
1148 3760 1284 3826 quantus

198 3835 370 3901 aenum
385 3833 504 3890 ainsilea
518 3844 611 3891 trente
625 3853 688 3891 aona
702 3837 955 3910 representeraient
964 3857 1004 3894 nn
1017 3839 1099 3913 poids
1110 3837 1239 3913 d’argent
1249 3836 1285 3893 de

193 3903 230 3968 ’ἃ
247 3921 354 3978 valeur
367 3919 403 3976 de
416 3931 480 3977 cent
491 3920 565 3978 deur
579 3923 679 3978 [mnes.

241 4013 294 4087 (3)
306 4014 391 4071 Cette
403 4025 536 4072 eutrerue
548 4027 597 4071 eut
610 4015 666 4072 lieo
678 4014 747 4072 dana
760 4016 786 4073 la
798 4016 926 4074 derniene
938 4020 1060 4076 aemaine
1070 4019 1106 4075 de
1118 4036 1190 4075 mara
1202 4019 1282 4084 llll,

184 4103 246 4152 ¹11
268 4104 374 4176 cbamp
385 4103 497 4172 (encore
508 4104 638 4175 existant)
650 4103 685 4162 de
699 4103 979 4176 tornum-Fene,
994 4125 1043 4164 sor
1052 4107 1080 4162 le
1092 4105 1235 4162 territoire
1248 4103 1284 4160 de

187 4174 334 4261 Ginou,
350 4191 467 4248 arr-dela
479 4192 516 4250 de
526 4192 627 4266 l‘Epte.
