2888 4934
299 428 361 490 aso
571 422 757 484 nisroan
778 423 1085 486 assumturus.
1256 430 1354 508 [urs]

299 558 475 634 maximus
500 580 523 628 a
552 557 680 630 Pexeio
707 578 772 656 per
796 557 1005 631 Medantnm
1031 555 1087 654 (l)
1113 558 1225 636 visus
1239 574 1295 632 αἱ
1322 561 1353 632 ἰιι

299 673 497 744 Neustriam
521 670 737 762 discurrere,
763 686 798 744 et
823 695 889 771 per
910 685 981 744 tres
1005 685 1129 744 noctes
1150 671 1354 769 hujusmodi

297 788 436 884 signum
463 785 582 861 multis
607 785 791 858 Gallorum
820 766 1082 860 manifestatum
1109 801 1164 860 est
1191 787 1232 861 in
1263 812 1351 861 aere.

296 903 451 975 Diversis
468 926 553 974 vero
570 901 690 974 modis
707 901 867 974 videntes
882 901 956 974 boc
970 903 1193 1000 interpretati
1208 917 1309 991 sunt,
1325 918 1353 977 et

295 1015 385 1090 velle
403 1043 528 1108 snum,
546 1031 656 1116 prout
675 1017 805 1115 cuique
823 1016 943 1107 libuit,
965 1016 1253 1091 auscultantibus
1266 1043 1352 1091 assc-

294 1148 454 1206 ruerunt.
490 1133 735 1232 Superborum
764 1135 897 1232 quippe
926 1133 1129 1232 insipientia
1158 1132 1207 1207 de
1234 1133 1352 1207 suturis

292 1266 464 1350 tanquam
487 1251 533 1323 de
554 1252 738 1324 transactis
758 1250 887 1324 stolide
907 1249 1135 1348 gloriabatur,
1159 1251 1352 1348 procaciter

293 1365 473 1437 affirmans
489 1365 589 1462 quod
607 1364 809 1437 Ludovicus
828 1389 908 1455 rex,
932 1365 996 1462 qui
1017 1379 1103 1436 tnnc
1125 1363 1229 1468 apud
1245 1364 1351 1438 bude-

292 1479 382 1552 lium
397 1505 481 1553 cnm
498 1483 641 1554 Francis
654 1480 862 1554 morabatur
877 1504 944 1554 ceu
962 1480 1107 1552 flamma
1124 1483 1350 1553 Normannos

292 1595 507 1688 absumeret,
520 1597 778 1696 totamquesibi
789 1597 972 1694 regionem
983 1597 1168 1688 Neustriae,
1181 1596 1350 1696 rumphea

291 1728 447 1805 secante,
466 1713 655 1812 subigeret.
674 1714 925 1812 Arrogantium
941 1713 1062 1810 itaque
1074 1711 1278 1810 petulantia
1291 1735 1348 1811 pro

291 1831 451 1928 appetitu
475 1855 541 1902 suo
573 1830 777 1902 vaticinium
803 1830 1002 1928 procaciter
1026 1827 1094 1900 sibi
1119 1829 1346 1917 asseveravit,

290 1945 353 2017 sed
372 1972 492 2018 rerum
510 1948 623 2018 exitus
639 1946 792 2019 multum
812 1944 908 2018 aliud
930 1946 1013 2044 ipsis
1032 1944 1169 2017 eisdem
1190 1943 1348 2044 supped'r

290 2062 388 2132 tavit.
409 2063 471 2133 His
485 2063 641 2153 omissis,
660 2064 787 2135 seriem
804 2084 1002 2161 prosequar
1018 2061 1251 2132 narrationis.

340 2181 446 2247 xvn.
466 2180 640 2250 Henricus
654 2203 728 2268 rex,
744 2174 937 2249 rebellibus
947 2174 1038 2247 ultra
1051 2198 1201 2274 parcere
1214 2173 1347 2263 nolens,

293 2314 424 2390 pagum
436 2290 690 2366 Ebroicensem
702 2292 802 2380 adiit,
815 2307 851 2364 et
862 2292 999 2364 Ebroas
1014 2315 1098 2364 cnm
1114 2290 1238 2365 valida
1249 2315 1349 2366 mnu

290 2408 500 2507 impugnare
513 2410 631 2506 coepit.
651 2408 722 2480 Sed
739 2408 930 2506 oppidanis
947 2409 1011 2506 qui
1026 2409 1246 2483 intrinsecus
1258 2419 1350 2480 erant

290 2547 374 2596 cum
389 2522 525 2594 civibus
539 2522 684 2595 viriliter
698 2523 994 2622 repugnantibus,
1014 2524 1165 2596 introire
1178 2524 1349 2622 nequivit.

290 2644 399 2713 Erant
412 2665 495 2712 cum
506 2639 567 2712 illo
583 2639 751 2712 Ricardus
762 2638 856 2711 filins
868 2641 955 2737 ejus,
971 2655 1007 2712 et
1019 2637 1224 2738 Stephanus
1235 2661 1351 2711 comes

289 2782 403 2855 nepos
423 2758 515 2853 ejus,
541 2755 710 2828 Radulsus
727 2756 773 2829 de
789 2755 946 2845 Gnader,
971 2771 1007 2827 et
1024 2754 1179 2826 maxima
1198 2755 1254 2827 vis
1270 2757 1352 2824 Nor·

290 2897 519 2945 mannorum.
540 2872 680 2959 Quibus
695 2886 778 2944 ante
799 2896 918 2968 regem
940 2870 1147 2942 convocatis
1162 2869 1200 2940 in
1221 2892 1350 2956 unum,

290 3014 351 3061 rex
374 2989 462 3062 dixit
484 2989 532 3062 ad
554 2989 734 3060 Audinum
757 2990 996 3087 episcopum:
1018 2985 1185 3074 Videsne,
1215 2985 1353 3058 domine

283 3107 435 3201 praesul,
457 3104 552 3203 quod
566 3105 773 3201 repellimur
790 3103 834 3174 ab
850 3102 1018 3189 hostibus,
1040 3127 1104 3173 nec
1122 3128 1182 3174 eos
1201 3105 1277 3172 rusi
1286 3127 1354 3199 per

289 3223 406 3317 ignem
423 3220 610 3318 subjugare
625 3223 844 3317 poterimus?
865 3224 1013 3304 Verum,
1034 3220 1069 3288 si
1084 3219 1177 3316 ignis
1195 3219 1355 3288 immitti·

290 3349 360 3418 tur,
380 3335 531 3407 ecclesie
550 3333 805 3421 comburentur,
831 3348 865 3403 et
888 3330 1081 3403 insonabas
1104 3333 1231 3428 ingens
1253 3330 1355 3401 dom-

290 3474 375 3519 num
395 3450 577 3546 inseretur.
596 3456 701 3522 Nunc
718 3475 811 3548 ergo,
828 3464 956 3546 postor
971 3447 1146 3534 Ecclesiae,
1166 3445 1356 3546 diligenter

291 3565 488 3653 considero,
514 3565 662 3666 ecquod
683 3565 803 3638 utilius
819 3567 1064 3662 perspexeris,
1086 3561 1238 3660 provide
1259 3561 1356 3634 nobit

292 3687 446 3755 insinuo.
466 3690 507 3755 Si
524 3689 665 3757 victorio
679 3684 777 3756 nobis
786 3709 856 3782 per
873 3680 1071 3754 incendium
1089 3679 1261 3752 divinitus
1275 3707 1357 3753 eon·

290 3799 435 3887 ceditur,
456 3801 651 3897 opitulante
666 3808 742 3872 Deo
757 3799 922 3871 Ecclesiae
937 3796 1149 3868 detrimento
1167 3813 1357 3867 restauro„

290 3917 430 4002 buntur,
456 3918 539 4013 quio
560 3914 602 3984 de
625 3916 796 3986 thesauris
818 3916 948 3986 nostris
971 3910 1170 3984 commodos
1192 3929 1357 4011 sumptus

327 4170 364 4241 (t)
383 4170 418 4226 Sc
430 4170 571 4242 dirigeant
584 4166 619 4223 dc
632 4167 719 4222 Poisai
733 4186 782 4240 par
796 4166 904 4222 Mantes
914 4182 976 4221 vers
987 4165 1012 4220 la
1025 4163 1208 4222 Normandie.
