2888 4934
270 400 333 465 uo
541 398 729 462 nrsromi
747 395 1054 463 nccrmusmcr.
1220 403 1332 486 [nte]

270 527 450 621 formidat,
467 527 599 601 veritus
614 530 825 603 sententiam
840 554 950 628 quam
962 528 1191 630 archipraesul
1205 555 1332 603 sanxe-

269 658 337 717 rat.
373 641 511 716 Deinde
541 643 590 716 ad
618 659 838 722 conventum
865 646 997 719 reverei
1027 659 1124 720 sunt.
1154 646 1333 719 Hemicm

268 783 372 853 vem,
396 759 583 856 diligenter
601 759 759 834 intentus
779 760 966 855 omnibus,
986 761 1076 835 dixit
1094 787 1103 832 :
1121 760 1332 833 Intlrarirmr

267 873 390 948 deroem
401 880 597 963 Saxonum
612 875 733 948 multu
748 875 929 951 virtutibus
938 875 1166 964 ademeram,
1183 875 1328 965 moon,

259 992 471 1093 justitiaque
487 995 525 1065 in
540 991 754 1066 sublimitate
759 993 961 1093 principali
965 991 1110 1094 Joutdiu
1121 991 1328 1091 probatum,

265 1109 428 1210 elegimus
456 1111 495 1181 in
525 1134 644 1208 regem
673 1109 976 1197 Alemannorum,
1009 1109 1326 1208 ledrarrirgnrm

271 1228 464 1297 Teutonum
475 1226 781 1313 emethanorum,
799 1223 1111 1325 Langobardorum
1120 1240 1157 1296 et
1169 1227 1331 1297 omarum

266 1338 383 1411 lulio
400 1338 633 1437 populorum,
659 1355 694 1412 et
719 1343 757 1413 in
783 1344 1040 1439 Imperatorem
1067 1344 1326 1412 Romanorum.

267 1453 321 1524 Ab
339 1452 507 1526 omnibus
525 1453 689 1528 auditum
705 1468 775 1547 est,
797 1469 833 1527 et
849 1480 872 1528 a
889 1453 1053 1553 plmibus
1068 1454 1225 1529 libenter
1240 1481 1330 1528 con·

266 1591 407 1653 cessum
421 1583 487 1642 esl.

313 1689 412 1760 Tunc
432 1686 565 1785 primas
586 1701 622 1760 et
645 1684 831 1761 ordinator
853 1684 962 1783 hujus
984 1684 1139 1759 collectae
1161 1686 1220 1782 (l)
1242 1685 1327 1776 fuit,

266 1814 307 1874 ut
322 1799 414 1894 diri,
431 1800 720 1901 archiepiscopus
736 1802 942 1901 Magunciae.
964 1803 1037 1891 Qui
1060 1827 1146 1876 mox
1164 1802 1273 1900 jussit
1292 1816 1331 1875 ut

267 1939 394 1990 omnes
410 1916 543 1991 summi
561 1941 745 2017 proceres,
763 1932 956 2017 antequem
971 1918 1018 1991 de
1035 1917 1096 1991 illo
1113 1941 1247 2016 campo
1263 1918 1331 1990 rni-

265 2045 426 2126 gmrent‚
450 2033 488 2103 in
510 2048 704 2132 conspectu
726 2034 891 2106 omnium
916 2032 1082 2106 Lothnrin
1102 2058 1189 2107 mox
1207 2033 1329 2107 homi·

264 2145 368 2218 nium
382 2145 549 2220 lacerent.
565 2149 731 2222 Protinus
744 2147 903 2248 gaudens
918 2149 1105 2240 Henricus,
1124 2162 1161 2222 et
1173 2173 1331 2221 moerens

264 2259 495 2356 Fredericus,
527 2276 563 2337 et
587 2288 713 2337 omnes
741 2276 825 2364 post
849 2263 928 2336 illos
953 2264 1123 2363 praecipui
1146 2278 1330 2361 magnates

264 2399 389 2449 coram
406 2376 574 2450 Lothario
595 2402 711 2475 genua
730 2378 923 2469 flexerunt,
943 2377 1154 2477 homagium
1168 2380 1221 2452 illi
1238 2379 1328 2451 fece-

264 2504 361 2579 runt,
373 2517 529 2590 eumque
542 2516 663 2589 regem
676 2508 712 2566 et
722 2497 921 2590 Augustum
933 2493 1001 2567 sibi
1014 2493 1321 2593 prneleceruntoe).

313 2606 495 2681 Diseoluto
515 2623 715 2702 conventu,
740 2610 914 2683 exercitus
936 2609 1112 2683 Frederici
1134 2610 1190 2708 (3)
1220 2632 1327 2708 super

265 2722 471 2797 Lotharium
483 2724 597 2817 irruit,
612 2724 802 2824 ipsumque
818 2738 854 2797 et
867 2725 1042 2823 plurimos
1056 2724 1102 2797 de
1118 2739 1222 2823 purte
1236 2723 1328 2796 illius

262 2838 473 2932 vulneravit,
489 2854 526 2911 et
540 2854 637 2936 terga
650 2854 827 2913 vertentes
843 2839 988 2935 fugavit.
1010 2839 1218 2913 Fredericus
1232 2841 1326 2911 enim

262 3071 299 3129 de
314 3074 446 3131 lorraine
461 3092 497 3130 ne
515 3073 559 3130 lut
576 3074 656 3148 point
674 3072 734 3129 l'uu
753 3071 803 3129 der
820 3074 965 3147 reigneurr
980 3073 1098 3146 charges
1111 3070 1148 3127 de
1165 3073 1328 3146 prooe'der'a

261 3160 400 3220 l’dlection
411 3163 448 3220 de
459 3163 641 3237 l’emperenr3
655 3164 725 3219 mair
735 3181 837 3218 encore
851 3161 872 3217 il
883 3162 981 3219 n'e'tait
994 3164 1073 3237 point
1084 3162 1112 3218 le
1127 3162 1278 3236 beau-pere
1292 3160 1326 3216 de

262 3248 407 3324 lothum,
422 3264 452 3311 et
465 3255 556 3312 meme
571 3253 591 3309 il
608 3272 644 3310 ne
660 3252 803 3328 r'appelait
814 3252 896 3326 point
911 3253 1014 3322 Henri,
1032 3253 1101 3308 mair
1115 3252 1214 3308 Simon
1228 3269 1266 3307 ou
1282 3251 1326 3307 Si·

264 3337 403 3412 girmond.

298 3429 338 3500 (l)
354 3429 449 3499 Dicte,
465 3431 625 3489 astemhle'e.

296 3519 336 3588 (2)
353 3516 502 3573 L’election
513 3529 562 3575 ent
573 3518 630 3573 lieu
646 3517 671 3572 le
689 3521 723 3574 30
740 3514 807 3573 norit
822 3519 908 3585 llll,
925 3536 960 3573 en
978 3519 1111 3591 presence
1121 3515 1171 3572 der
1184 3516 1275 3588 legato
1289 3515 1329 3569 du

261 3604 336 3679 Pnpe
352 3615 381 3661 et
398 3605 434 3660 de
452 3606 542 3663 l’abbe
560 3607 659 3681 Suger.
678 3606 752 3661 leur
771 3605 910 3661 influence
928 3605 1074 3662 contribuet
1093 3605 1329 3680 puissammentl

261 3695 368 3750 dcarter
379 3693 419 3750 du
431 3694 512 3750 trono
526 3694 653 3767 lmpdrial
666 3694 692 3750 le
705 3693 761 3749 duc
772 3694 807 3749 de
818 3693 938 3751 Souabe.

295 3785 334 3856 (3)
352 3782 485 3839 Fredertc
496 3782 531 3837 de
544 3781 763 3838 Hohenstauffen
770 3823 779 3850 ,
791 3783 937 3838 deuxieme
950 3783 989 3837 du
1001 3801 1078 3851 nom,
1092 3782 1149 3836 duc
1159 3781 1194 3837 de
1207 3781 1326 3849 Souabe

261 3873 349 3945 grand
362 3881 556 3927 constructeur
567 3869 602 3923 de
613 3870 759 3942 choream,
772 3870 896 3943 petit·lile
909 3871 944 3925 de
956 3872 1044 3926 Henri
1058 3871 1110 3940 lv,
1124 3873 1190 3944 pdre
1202 3870 1239 3926 de
1249 3871 1330 3925 l’em·

258 3977 361 4031 perenr
372 3959 503 4016 Frederic
517 3957 712 4013 Barbcrousse.
726 3960 766 4014 Ce
778 3960 821 4015 lut
833 3979 873 4015 nn
888 3959 978 4033 grand
994 3958 1133 4028 malheur,
1150 3977 1206 4034 que
1222 3958 1264 4014 les
1282 3959 1327 4013 in·

258 4049 364 4120 trigues
380 4047 415 4105 de
433 4049 523 4121 Suger
537 4058 565 4103 ct
577 4047 626 4101 dos
640 4045 727 4118 le'gats
740 4048 815 4103 aient
831 4049 919 4104 rc'ussi
937 4051 952 4102 i
969 4047 1095 4105 l’dcarter
1111 4047 1152 4103 du
1171 4048 1254 4104 tinne
1270 4049 1327 4103 im·

263 4136 359 4205 pc'rial.
