3178 5052
186 503 395 586 [stul-1102]
556 501 672 562 LIBER
692 497 876 562 DECIMUS.
1181 501 1239 561 125

187 637 263 707 lent
268 639 426 733 ingerere
435 636 584 730 impetus
594 631 842 732 hujuscemodi,
853 657 1041 731 eorumque
1055 630 1241 703 tumultuo-

184 779 244 824 sas
271 749 512 848 inssstatrbnes
541 752 578 820 iu
597 748 722 820 talibus
743 775 829 848 erga
854 765 1043 820 coessentes
1057 771 1138 820 suos
1156 745 1241 816 bene

185 871 278 939 novi.
299 868 483 964 Sapientia
501 863 754 964 Magnitudinis
771 881 888 938 uestras
900 865 1012 966 longis
1026 889 1098 934 non
1114 861 1246 960 indiget

188 979 368 1052 verborum
376 977 589 1078 ambagibus.
606 983 814 1076 Opportuna
824 977 984 1076 pacfiat
997 999 1076 1049 cum
1085 977 1244 1074 procaci·

185 1095 276 1170 bus!
294 1099 354 1166 Sic
379 1097 475 1168 enim
490 1095 601 1192 exigit
614 1091 759 1190 publica
783 1094 979 1177 necessitas,
1003 1102 1075 1188 pto
1099 1113 1182 1188 qua,
1206 1089 1248 1160 ui

178 1201 316 1305 failor,²
342 1204 447 1281 multi
468 1207 676 1280 eructabunt
698 1209 849 1278 animas.
872 1205 1029 1304 Improbi
1050 1211 1246 1277 Guuscones

189 1351 245 1396 me
262 1328 422 1398 comitem
448 1327 585 1396 itineris
600 1326 658 1394 sui
667 1337 831 1420 poscunt,
852 1345 915 1392 me,
929 1323 1075 1392 inritum
1085 1318 1246 1416 peregri-

191 1449 278 1516 nari
292 1461 422 1516 temere
434 1459 572 1542 cogunt.

296 1613 363 1670 Non
376 1611 602 1685 impuneserent,
616 1615 693 1668 ausis
706 1613 783 1686 quod
794 1613 898 1670 talibus
910 1613 1027 1668 iterent.

189 1779 264 1845 Pro
286 1771 390 1844 illata
417 1787 539 1844 sancto
565 1773 720 1869 Imperio
748 1769 883 1870 injuria
921 1767 1019 1840 valde
1045 1768 1245 1854 contemtor,

191 1913 318 1987 magne
330 1893 545 1985 Imperator;
560 1885 625 1958 sed
633 1889 753 1958 omnus
764 1885 867 1958 modo
880 1909 951 1956 non
960 1883 1157 1982 proferam,
1173 1906 1250 1979 qtae

191 2001 351 2074 meditor.
377 2007 525 2098 Tempus
537 2000 687 2073 ultionis
712 2003 946 2098 opperiemur,
964 2023 1032 2096 quo
1046 1997 1187 2094 nefartis
1203 2012 1250 2068 te·

191 2119 337 2189 meritas
353 2115 593 2214 improborum
608 2115 819 2214 expiabitur.
841 2121 931 2188 Ecce
942 2141 1063 2186 murus
1080 2116 1251 2185 Constan-

192 2231 384 2329 tinopoleos
403 2255 547 2303 suorum
571 2257 695 2304 cruore
707 2232 872 2324 filiorum
898 2229 1083 2317 madescit,
1107 2255 1150 2301 aa
1172 2229 1252 2326 pol·

193 2341 328 2428 luitur,
362 2343 455 2413 sicut
475 2343 808 2439 inpraesentiarum,
841 2341 935 2438 proli
963 2339 1103 2438 pudor!
1138 2343 1253 2424 tristes

192 2455 486 2553 contemplamur.

243 2575 324 2644 Haec
340 2585 375 2642 et
389 2569 457 2643 alia
478 2569 686 2666 hujusmodi
710 2575 885 2667 Augustus
902 2586 937 2642 et
960 2593 1080 2643 comes
1101 2570 1254 2642 invicem

194 2685 438 2776 contuerunt,
458 2711 499 2758 ac
527 2686 573 2758 de
594 2685 781 2761 reddendo
809 2685 941 2757 talione
968 2709 1035 2782 pro
1061 2683 1115 2754 sui
1131 2683 1253 2780 latiga-

195 2802 294 2873 tioue
305 2801 468 2874 hostibus
479 2801 671 2874 machinati
682 2817 776 2874 sunt.
794 2805 992 2900 Imperator
1002 2800 1153 2872 illustres
1166 2823 1255 2870 nun·

196 2918 272 2988 cios
289 2917 404 3014 elegit,
424 2941 490 3015 per
500 2941 592 3014 quos
603 2942 686 2989 cum
698 2932 920 2990 sacramento
937 2915 1046 2988 Gallis
1059 2912 1254 3005 mandavit,

195 3031 379 3104 humiliter
395 3029 600 3120 obsecrans,
628 3046 667 3102 ut
687 3029 834 3130 pacifice
857 3029 1009 3117 abirent,
1034 3044 1070 3100 et
1089 3029 1257 3102 comitem

197 3171 281 3220 cum
306 3173 354 3218 xx
377 3145 532 3218 millibus
554 3145 838 3244 Tumopolorum
870 3144 967 3244 apud
994 3143 1258 3243 Cappadociam

197 3276 436 3362 expectarent.
450 3264 651 3361 Sponsione
666 3263 810 3360 Augusti
829 3286 912 3335 cum
925 3261 1160 3358 jurejurando
1170 3250 1258 3360 'per-

199 3393 315 3479 cepta,
335 3396 569 3468 recesserunt,
597 3403 745 3477 seseque
773 3392 1021 3477 praeparantes,
1051 3377 1258 3474 aliquandiu

199 3499 425 3594 quieversmt.
447 3501 532 3569 Post
557 3495 693 3595 aliquot
715 3497 791 3569 dies
810 3520 873 3567 eos
889 3519 1009 3567 comes
1025 3510 1168 3567 secutus
1192 3509 1255 3577 est.

199 3614 400 3710 Imperator
424 3626 545 3684 autem
566 3608 738 3708 plurimas
757 3634 865 3682 naves
887 3607 1128 3682 tartaronibus
1148 3632 1259 3681 onus·

199 3741 255 3798 tas
266 3727 375 3815 misit,
385 3741 421 3798 et
430 3725 476 3798 de
489 3725 557 3797 illis
572 3724 733 3798 distribui
745 3724 925 3813 omnibus,
939 3737 1047 3822 prout
1058 3747 1260 3819 congruum

201 3857 306 3934 esset,
317 3843 516 3916 secundum
525 3841 670 3914 ordines
679 3856 849 3914 eorumet
860 3841 1061 3938 dignitates,
1076 3839 1258 3937 praecepit.

199 3961 411 4030 Tartarones
427 3959 561 4057 quippe
578 3955 770 4054 quadratos
781 3981 823 4028 ex
841 3980 954 4055 cupro
973 3978 1141 4026 nummos
1158 3953 1262 4025 Thra-

202 4095 260 4144 ces
276 4073 452 4163 vocitant,
473 4072 518 4144 de
535 4072 664 4170 quibus
684 4073 719 4142 in
741 4070 887 4144 Thracia
910 4095 971 4144 seu
995 4069 1157 4168 Bythinia
1178 4093 1261 4167 pro-

201 4185 371 4260 vinciales
391 4188 624 4262 mercimonia
644 4211 727 4278 sua,
753 4187 844 4258 sicut
862 4185 1030 4286 Philippis
1047 4200 1108 4258 aut
1126 4189 1260 4280 Byzan·
