2888 4934
191 430 396 505 [uuo-1104]
552 426 668 490 unm
690 431 874 492 nucruos.
1183 435 1241 497 us

188 560 404 633 adminicula
416 560 482 632 sibi
494 561 744 660 undecumque
756 565 971 663 procuravit,
985 567 1102 662 etipse
1111 567 1240 639 nihilo·

188 679 320 767 minus,
340 676 462 748 multis
477 675 647 749 hactenus
664 679 830 778 trophaeis
846 678 969 769 elatus,
990 682 1241 753 certaminibus

186 793 344 865 cruentis
357 790 517 880 inhiavit,
529 817 583 881 ac,
599 793 810 866 adveniente
828 795 1013 866 conflictus
1024 795 1126 882 hora,
1139 821 1242 894 para-

187 923 243 980 tus
259 933 348 980 cum
372 908 444 977 suis
468 906 666 1002 legionibus
687 909 724 978 in
753 932 881 1005 campo
909 909 1079 979 constitit.
1107 915 1243 983 Interea
1267 969 1275 986 .

187 1023 299 1095 uetaz
315 1042 400 1094 cnm
419 1021 624 1094 Christianis
642 1024 803 1119 privatim
820 1022 937 1094 locuta
955 1038 1024 1106 est,
1052 1039 1088 1094 et
1111 1024 1161 1095 sic
1182 1049 1243 1095 eos

185 1137 292 1209 affata
302 1153 379 1208 est:
400 1137 569 1210 Militiam
582 1143 801 1208 Francorum
819 1135 962 1207 laudari
975 1163 999 1206 a
1015 1138 1134 1209 multis
1143 1140 1244 1237 jam·

187 1252 319 1327 dicdum
341 1251 473 1339 audiui,
500 1278 606 1351 quam
632 1278 725 1323 nunc
748 1257 787 1323 in
809 1255 978 1351 genitoris
1003 1255 1074 1322 mei
1098 1257 1248 1324 irutanti

188 1371 393 1440 necessitate
418 1369 536 1439 vellem
560 1371 731 1465 erpetui,
763 1385 803 1438 ut
825 1366 919 1465 quod
938 1367 1069 1464 probat
1090 1367 1241 1453 auditur,

184 1482 310 1580 prodet
321 1486 541 1579 experientia
557 1487 658 1554 visus.
678 1483 907 1554 Buamundus
922 1483 1104 1580 respondit
1119 1512 1126 1553 ε
1144 1484 1246 1554 Felix

189 1598 273 1670 itera
287 1613 326 1668 et
340 1596 564 1684 honorabilis,
588 1601 622 1669 si
635 1599 759 1694 piasset
777 1597 983 1670 beatitudini
999 1614 1116 1668 uestrae
1134 1596 1246 1667 sethli-

191 1714 324 1783 ntitatts
345 1727 384 1782 ut
405 1714 444 1782 in
465 1710 549 1783 belli
563 1738 726 1809 eampum
748 1711 845 1783 nobis
866 1713 970 1782 liceat
985 1709 1155 1808 progredi
1167 1735 1247 1782 eum

191 1823 401 1899 militaribus
413 1830 536 1912 armis,
561 1830 638 1898 sine
661 1826 762 1898 didio
786 1826 940 1898 Gallicos
965 1830 1053 1896 rena
1073 1824 1192 1922 gladio
1214 1840 1251 1896 et

192 1941 314 2011 bacea
324 1939 453 2036 palam
465 1967 658 2027 exeremus,
676 1957 713 2010 et
722 1966 829 2036 super
845 1943 1003 2011 inimicos
1021 1955 1150 2010 vestros
1164 1964 1247 2009 con·

190 2053 361 2154 spectibur
387 2057 507 2127 uestrr's
530 2055 759 2127 ostendemus.
794 2055 911 2126 Puella
936 2055 1048 2126 dixit:
1076 2053 1250 2150 Spomlete

191 2172 293 2258 midi,
312 2196 385 2268 per
397 2171 512 2263 fidem
531 2198 602 2270 qua
619 2173 814 2244 Christiani
831 2175 929 2259 estis,
951 2188 990 2242 ut
1006 2176 1044 2242 in
1061 2172 1124 2242 hoc
1145 2196 1248 2270 nego·
1294 2241 1297 2244 .

193 2289 239 2357 tio
266 2283 363 2356 unde
388 2303 663 2373 contractamus,
694 2291 814 2358 omm'a
845 2286 1034 2358 seeundum
1064 2287 1248 2358 consilium

192 2425 308 2471 maun
333 2406 460 2498 agatis,
493 2427 556 2473 nec
583 2402 721 2501 aliquid
743 2419 867 2474 contra
891 2428 1006 2473 meum
1035 2419 1250 2499 preceptum

185 2513 311 2608 faeere
327 2520 566 2613 praesumatis.
596 2523 669 2587 Hoc
685 2521 802 2614 itaque
820 2517 907 2587 mdri
916 2516 996 2609 side
1013 2535 1124 2587 uestra
1141 2517 1249 2612 polli-

192 2633 550 2724 oentesconfirmate,
578 2649 614 2703 et
636 2658 699 2730 ego
717 2632 940 2729 postnrodum
965 2659 1037 2704 non
1064 2633 1251 2704 cunctabor

193 2745 309 2818 coras
324 2749 397 2817 mei
410 2773 582 2818 arcanum
596 2747 689 2818 vobis
705 2774 878 2819 reserare.

239 2863 379 2933 Primus
400 2887 484 2960 ergo
503 2862 734 2934 Buamundus
753 2862 944 2961 perfidem
964 2888 1065 2933 suam
1089 2863 1250 2958 promisit

196 2980 356 3075 quaesita3
375 3004 484 3075 quem
496 3003 622 3050 omnes
636 2979 693 3049 aiii
707 2981 819 3050 secuti
830 2993 925 3066 sunt,
942 2975 1155 3076 spondendo
1172 3002 1254 3074 quae¹

193 3093 341 3185 jusserat
358 3093 488 3192 puella.
504 3099 602 3164 Tunc
617 3093 676 3165 illa
694 3093 891 3193 tripudians
908 3094 955 3162 ait
974 3121 982 3161 ε
1004 3099 1108 3164 Nunc
1128 3117 1251 3162 secura

196 3231 272 3279 rusa
287 3205 333 3278 de
350 3208 451 3294 tohu,
469 3212 553 3306 quia
568 3234 635 3294 uos,
653 3225 690 3278 ut
706 3233 797 3292 reor,
815 3207 962 3304 legitimi
970 3209 1063 3292 estis,
1071 3205 1252 3304 fidemque

199 3338 347 3393 uestram
359 3323 458 3393 nullo
467 3323 569 3393 modo
582 3322 876 3394 contaminabitis.
890 3325 993 3392 Patri
1004 3347 1093 3404 meo,
1105 3325 1167 3417 qui
1168 3321 1251 3416 jam

199 3439 235 3506 in
249 3463 375 3534 campo
391 3437 619 3510 dimicaturus
632 3456 699 3522 est,
721 3437 911 3522 subuenite,
932 3440 1029 3533 eupue
1039 3435 1257 3532 probitatem,

188 3567 345 3647 ,seruam
364 3552 415 3623 ad
436 3553 627 3625 subsidium
653 3555 730 3652 ejus
748 3553 915 3622 alacriter
940 3550 1106 3620 errlu'bete.
1137 3554 1198 3633 Et,
1222 3552 1256 3617 si

201 3651 342 3739 uictoria
353 3672 495 3739 cesserit
511 3669 600 3740 vobis
613 3669 723 3767 (quod
736 3673 872 3740 utinam
880 3666 985 3761 susti)
996 3666 1170 3762 fugientes
1184 3667 1253 3734 ini-

200 3785 306 3852 turcos
306 3787 477 3880 persequi
485 3783 655 3868 desistite,·
669 3783 732 3854 sed
742 3783 899 3854 uelociter
910 3784 978 3854 leue
988 3784 1122 3851 armati
1130 3778 1251 3865 redite,

200 3913 233 3966 et
239 3922 356 3984 arma,
369 3897 479 3969 donec
483 3899 636 3995 jussero,
649 3897 821 3998 deponere
832 3898 950 3968 nolite.
969 3902 1111 3967 Interea
1125 3895 1256 3979 factam

202 4035 320 4082 omnes
346 4013 502 4084 custodes
525 4013 568 4083 de
593 4014 735 4085 sublimi
760 4010 868 4085 turris
891 4013 979 4084 solio
1003 4010 1054 4082 ad
1071 4011 1256 4106 infertores

201 4143 323 4219 portas
340 4125 556 4214 decendero,
576 4145 613 4199 et
628 4134 666 4199 in
683 4131 791 4218 (atrio,
807 4131 910 4226 quasi
927 4153 983 4198 uos
994 4125 1252 4223 prestolantes,

273 4267 320 4311 tv.
1079 4245 1135 4314 40
