2888 4934
187 402 297 482 [1126]
515 393 633 457 blllllll
653 391 919 455 DUODEClllUS.
1181 392 1240 457 ss7

186 545 225 603 et
241 527 437 600 honorifice
454 525 543 600 liber
558 532 635 600 Deo
652 526 780 624 gratias
794 523 937 624 agebat,
955 538 992 596 et
1008 538 1144 622 quanto
1157 523 1243 598 libe-

187 647 279 734 rior,
309 659 409 716 tanto
433 646 603 737 securior,
630 666 803 742 supremae
828 640 898 712 diei
928 653 1058 712 metum
1084 640 1243 738 gaudens

186 758 407 860 expectabat.

152 940 155 947 .
236 875 394 948 Tandem
408 897 505 946 nuno
521 874 716 948 Dominicae
736 873 990 947 lneumstionis
1011 887 1054 946 ω’
1075 886 1110 946 0⁰
1128 887 1240 965 mr,

187 992 386 1065 indictione
399 996 461 1081 rv',
474 990 638 1091 prefatus
648 992 769 1063 senior
779 990 920 1087 gravius
930 991 1035 1063 solito
1045 990 1241 1086 egrotavit,

116 1131 118 1135 ·
188 1107 343 1204 oleoque
371 1129 471 1179 sacro
496 1120 708 1204 perunctus,
733 1104 881 1203 aliisque
903 1105 1011 1180 rebus
1034 1129 1114 1201 quae
1140 1129 1243 1178 servo

188 1224 256 1295 Dei
272 1235 494 1320 competunt,
513 1221 664 1320 pleniter
678 1221 837 1320 expletis,
854 1220 934 1295 idus
945 1219 1102 1319 januarii
1115 1219 1244 1315 migra·

187 1338 251 1409 rit.
271 1337 471 1434 Discipulos
481 1349 518 1407 et
530 1359 713 1408 successor
724 1334 892 1409 didascali
904 1335 1246 1409 unimumDeocum

187 1453 261 1526 suis
280 1449 536 1524 consodalibus
552 1450 832 1541 commendavit,
850 1465 886 1523 et
900 1451 1067 1524 solennes
1081 1448 1247 1547 exequias

187 1570 254 1642 rite
269 1568 473 1641 celebravit.
493 1569 662 1667 Sequenti
677 1593 764 1641 vero
779 1567 839 1640 die
854 1591 987 1668 corpus
1003 1567 1080 1664 ejus
1094 1567 1133 1638 in
1148 1564 1246 1662 cupi·

187 1684 304 1756 tulum
325 1682 483 1756 delatum
504 1697 574 1773 est,
596 1683 719 1782 ibique
738 1709 840 1758 secus
859 1683 1064 1756 Osbernum
1079 1681 1247 1754 abbatem

188 1814 391 1870 reverenter
409 1799 623 1870 tumulatum
637 1813 702 1872 est.
721 1799 891 1873 Versibus
907 1796 1120 1871 hexametris
1134 1793 1246 1894 epilo-

187 1936 274 2007 gum
287 1911 435 1986 brevem
446 1938 553 2011 super
563 1913 625 1986 illo
638 1913 748 2005 edidi,
762 1915 800 1987 in
812 1938 885 2012 quo
898 1914 978 2012 plus
990 1913 1126 1985 veritati
1138 1934 1247 2008 quam

187 2029 373 2100 concinnus
387 2030 573 2103 sonoritati
589 2030 773 2104 intendere
789 2029 911 2103 malui.
930 2030 1087 2126 Benigno
1104 2050 1248 2124 quoque

187 2144 360 2218 Salvatori
384 2172 451 2246 pro
476 2149 538 2220 illo
563 2148 612 2220 sic
637 2148 794 2239 orando,
822 2163 859 2220 et
882 2145 982 2220 bonu
1005 2145 1176 2220 divinitus
1199 2144 1249 2216 illi

187 2256 318 2334 inserte
334 2263 540 2358 recolendo,
559 2263 682 2337 effudi.

277 2455 389 2526 Mitem,
402 2459 598 2534 sincerumque
610 2470 732 2533 petrem,
746 2477 795 2517 rex
805 2459 931 2532 Christe,
946 2460 1089 2535 Rogemm

275 2541 367 2612 Salva;
382 2564 446 2600 nam
461 2564 512 2620 pro
526 2556 555 2602 te
567 2546 695 2605 tolerarit
707 2547 795 2604 multa
805 2548 935 2622 benigne.

276 2630 369 2703 llura,
381 2633 479 2689 domos
491 2644 520 2690 et
530 2634 599 2691 velle
613 2654 696 2691 suum
707 2635 815 2691 dimisit
824 2653 943 2708 egenus,

275 2720 373 2793 Teque
384 2723 463 2795 sequi
475 2723 585 2779 studuit
596 2740 646 2796 per
657 2725 712 2779 iter
723 2723 835 2778 virtutis
847 2722 978 2790 anhelum

276 2808 481 2883 Gervasiusqne
492 2811 624 2882 paterini
637 2811 704 2879 luit,
719 2812 872 2886 Emmuque
884 2819 982 2878 mater,

275 2898 309 2951 In
320 2896 424 2971 quibus
437 2898 554 2953 emicuit
566 2917 678 2953 morum
686 2899 780 2971 juber,
793 2910 822 2955 et
833 2898 917 2954 decus
930 2897 1065 2971 amplum.

276 2983 424 3057 Presbyter
436 2985 590 3042 instructus
602 2985 777 3043 documentis
789 2987 866 3042 ultro
878 2987 1018 3060 bogorus,

276 3072 402 3145 sumpsit
414 3090 497 3130 orsus
508 3073 574 3131 elmi
588 3075 747 3133 monachile
757 3076 859 3151 jugum
871 3074 1026 3132 Benedicti.

275 3161 364 3217 Multa
378 3161 428 3216 diu
443 3180 535 3218 mores
548 3163 609 3237 ejus
620 3163 744 3238 possedit
754 3163 901 3236 honestus,

276 3250 339 3320 Qus
353 3251 458 3306 meruit
471 3253 553 3308 sociis
563 3253 686 3327 proponi
702 3264 794 3309 rector
804 3264 834 3309 et
845 3252 938 3310 abbas.

275 3337 395 3394 Presule
406 3357 470 3395 nam
482 3339 556 3397 iacto
567 3340 683 3398 Serlone
695 3341 850 3410 salaribus,
867 3341 919 3397 iste

275 3426 403 3483 Coenobii
416 3429 504 3484 sancti
515 3431 642 3504 regimen
654 3431 776 3506 suscepit
788 3429 906 3487 Ebrulli.

275 3517 434 3593 Quinquies
445 3518 566 3576 undenis
577 3521 731 3578 monachus
743 3521 815 3578 bene
826 3521 923 3579 floruit
930 3523 1027 3589 ‚uunis,

276 3605 359 3662 Unde
371 3617 414 3662 ter
426 3607 547 3665 undenis
557 3609 634 3666 Utici
647 3610 680 3665 fir
691 3620 787 3684 pastor
799 3609 886 3665 ovilis.

275 3694 330 3749 llic
344 3697 495 3753 monachos
508 3699 602 3754 novies
615 3698 702 3754 denos
714 3700 744 3754 in
756 3698 924 3773 discipulatu

274 3783 415 3857 Suscepit,
429 3786 578 3861 rigidoque
590 3788 650 3860 regi
663 3785 761 3842 docuit
774 3786 952 3843 monachatu.

276 3870 399 3942 Simplex
412 3883 442 3928 et
454 3872 558 3942 dulcis,
574 3873 731 3948 studiisque
744 3875 836 3932 nitens
851 3874 998 3943 bonitatis,

275 3959 354 4028 Quos
367 3961 476 4014 monuit
490 3960 592 4029 verbis,
607 3962 740 4036 exemplis
751 3963 858 4037 proluit
871 3963 960 4018 almis.

274 4043 401 4118 Denique
414 4047 555 4102 consectus
570 4049 661 4117 senio,
677 4049 760 4105 terris
773 4068 822 4106 suu
833 4049 958 4106 membra

277 4133 423 4205 Deposuit,
440 4136 501 4191 Jeni
515 4136 643 4194 duodena
656 4137 719 4195 luce
731 4148 853 4216 peracte.
