2888 4934
94 417 304 496 [amatore]
461 411 579 476 unua
598 411 781 477 oncrum.
1107 422 1147 480 so

95 548 228 649 piscosi
247 546 344 620 lacus
367 560 402 619 et
418 547 577 644 ingentes
595 561 696 637 sunt,
719 561 755 619 et
774 544 863 618 villae
881 563 1097 647 campestres
1111 551 1148 624 iu

95 662 314 761 marginibus
327 677 533 760 stagnorum
541 662 748 736 circumsitae
761 677 857 734 sunt.
874 662 1051 761 ludigeuae
1064 690 1149 739 vero

96 780 254 879 piscibus
266 793 302 852 et
316 778 533 871 volucribus,
548 780 781 877 omniumque
798 778 951 850 ferarum
966 780 1152 855 abundant

96 894 276 967 carnibus.
301 893 479 991 Religiosis
502 918 647 992 quoque
671 894 874 966 Christianae
897 893 981 992 legis
1003 910 1152 970 utuntur

96 1009 241 1098 ritibus;
256 1032 323 1107 pax
333 1024 368 1081 et
379 1010 516 1081 castitas
528 1007 574 1080 ab
587 1007 654 1080 illis
665 1022 867 1099 servantum
879 1010 1059 1082 artissimis
1068 1012 1152 1110 legi-

94 1125 1078 1225 bus,saevisquescelerapuniunturauimadversionibus.
1090 1133 1153 1200 Or·

95 1241 204 1313 mdes
216 1241 337 1313 insulae
346 1256 381 1313 et
390 1240 573 1331 Finlauda,
585 1240 725 1314 lslanda
738 1266 882 1339 quoque
893 1243 1150 1332 etGrenlanda,

97 1357 190 1428 ultra
204 1380 313 1453 quam
324 1355 370 1427 ad
384 1357 667 1455 Septentrionem
678 1371 772 1430 terra
785 1382 859 1430 non
872 1359 1058 1456 reperitur,
1067 1359 1155 1432 aliae·

95 1473 305 1572 queplurea
322 1498 433 1571 usque
451 1474 488 1544 in
504 1472 717 1546 Gollandam
733 1475 807 1571 regi
824 1476 1034 1546 Noricorum
1051 1475 1156 1571 subji-

94 1591 255 1679 ciuntur,
265 1604 300 1662 et
308 1589 354 1663 de
362 1589 534 1663 totoorbe
542 1589 1151 1688 divitiaenavigioillucadvehuntur.

147 1710 256 1777 Nunc
275 1730 355 1778 mea
377 1730 478 1778 mens
502 1730 645 1779 causam
667 1721 703 1779 et
723 1720 870 1778 eventus
892 1705 977 1776 belli
999 1706 1156 1778 enodare

97 1821 244 1918 satagit,
272 1819 372 1917 quod
394 1825 543 1918 Magnus
565 1846 624 1893 rex
653 1821 689 1892 in
717 1821 897 1892 Hibernos
926 1821 1095 1918 arripuit,
1121 1835 1157 1893 et

98 1935 212 2008 multa
229 1936 348 2008 multis
369 1935 582 2009 detrimenta
604 1949 639 2007 et
657 1951 790 2033 strages
812 1935 942 2007 intulit.
964 1936 1030 2007 llic
1048 1934 1156 2007 liliam

97 2052 190 2148 regis
208 2050 364 2126 vlrlaudae
385 2076 534 2124 uxorem
562 2052 721 2125 duxerat.
748 2051 819 2124 Sed
839 2051 922 2149 quia
945 2075 1005 2122 rex
1030 2053 1157 2124 lrensis

99 2167 305 2264 pactiones,
323 2192 412 2264 quas
431 2167 604 2256 fecerant,
626 2191 700 2239 non
725 2181 903 2257 tenuerat,
928 2169 1076 2263 stagnus
1096 2191 1158 2239 rex

98 2281 342 2353 stomachatus
367 2281 475 2352 filiam
500 2283 576 2378 ejus
603 2283 635 2353 ei
662 2284 857 2353 remiserat.
886 2281 1023 2353 Bellum
1052 2283 1158 2378 igitur

99 2398 194 2469 inter
210 2421 272 2468 eos
293 2411 412 2468 ortum
430 2410 495 2467 est.
518 2404 619 2468 Anno
634 2402 670 2465 v⁰
686 2395 865 2467 Guillelmi
883 2394 960 2466 Rufi
983 2396 1075 2492 regis
1091 2401 1159 2467 An·

99 2511 255 2610 giorum,
274 2511 435 2609 undique
453 2510 595 2583 bellicas
610 2513 730 2610 copias
747 2511 895 2583 extraxit
911 2536 972 2583 rex
987 2510 1160 2584 Northwi·

98 2652 286 2724 genarum,
305 2641 353 2715 et,
371 2626 572 2698 Subsolano
591 2627 699 2698 flaute
721 2631 906 2699 Oceanum
927 2625 1157 2724 perlustrans,

99 2742 260 2815 Orcades
271 2743 303 2839 (l
312 2742 464 2838 )insulas
477 2741 575 2831 adiit,
590 2743 742 2815 Scotiam
753 2766 774 2813 a
785 2758 886 2841 parte
896 2743 1000 2814 Circii
1011 2743 1160 2812 circum·

99 2860 178 2948 ivit,
193 2873 229 2929 et
243 2857 327 2930 alias
340 2858 484 2948 insulas,
500 2884 578 2958 quae
595 2859 641 2930 ad
658 2884 758 2931 suam
777 2859 948 2930 ditionem
964 2860 1158 2957 pertinent,

100 2998 217 3071 usque
230 2973 267 3046 in
281 2974 499 3073 Angleseiam
510 2976 565 3073 (2)
578 2976 787 3074 penetravit.
806 2973 1011 3046 Hiberniam
1023 2973 1160 3071 ingredi

99 3086 233 3175 voluit3
249 3087 326 3177 sed,
342 3088 519 3161 {rensibus
530 3091 567 3160 in
583 3090 766 3161 maritimis
780 3088 957 3161 littoribus
967 3089 1014 3162 ad
1026 3088 1160 3161 bellum

99 3202 247 3300 parans,
265 3201 349 3274 alias
366 3203 520 3277 divertit.
540 3204 695 3277 Insulam
708 3208 804 3294 Man,
819 3229 898 3303 quae
912 3202 1051 3278 deserta
1069 3218 1159 3292 erat,

101 3317 326 3410 inhabitavit,
341 3321 484 3419 populis
495 3322 656 3421 replevit,
670 3321 838 3396 domibus
857 3336 892 3395 et
911 3321 987 3395 aliis
1005 3346 1162 3395 necessa·

103 3435 164 3504 riis
177 3435 224 3505 ad
239 3460 322 3507 usus
336 3436 526 3509 hominum
543 3439 703 3534 gnaviter
715 3439 890 3511 instruxit.
909 3437 1000 3508 Alias
1017 3461 1161 3534 quoque

103 3551 288 3646 Cycladas,
302 3552 339 3624 in
352 3563 481 3652 magno
490 3555 579 3626 mari
586 3554 682 3626 velut
689 3569 787 3627 extra
795 3553 920 3626 orbem
930 3554 1075 3651 positas,
1086 3576 1162 3650 per·

103 3663 284 3757 lustravit,
304 3683 377 3740 eta
397 3666 559 3766 pluribus
576 3669 718 3768 populis
742 3669 931 3742 inhabitari
948 3670 1046 3768 regio
1060 3668 1161 3764 jussu

139 3891 181 3959 (t)
193 3889 230 3943 la
244 3890 382 3964 conquete
393 3891 442 3946 des
453 3890 592 3959 Orcades,
606 3909 645 3947 ou
653 3892 692 3947 du
705 3892 796 3947 moins
807 3891 1032 3948 l’etablissemeut
1042 3887 1164 3962 complet

105 3976 140 4030 de
154 3975 181 4029 la
195 3976 369 4033 deminution
384 3980 578 4054 Norve'gienne
593 3980 662 4036 daus
679 3999 723 4037 cea
735 3980 801 4045 iles,
815 3999 851 4037 ue
866 3980 956 4055 parsit
966 3981 1045 4051 dater
1059 3996 1114 4054 que
1126 3976 1162 4034 de

106 4068 187 4121 ⁴098.
202 4064 295 4137 voyez
307 4085 339 4123 ce
351 4085 406 4141 que
419 4086 490 4124 nous
502 4088 537 4124 eu
551 4085 634 4125 avons
648 4069 691 4124 dit
704 4067 857 4141 ei-dersus,
871 4077 893 4124 t.
907 4069 965 4136 111,
979 4089 1007 4142 p.
1023 4071 1084 4124 399.

139 4153 180 4223 (2)
194 4151 259 4208 L’lle
271 4152 447 4228 d'Auglesey.
