2888 4934
188 454 403 532 [soouuoo]
559 450 676 512 unua
697 451 883 513 necinus.
1211 455 1251 518 ⁷³

189 608 301 685 regne
331 583 538 682 reliquistis,
565 583 754 682 eademque
769 583 869 680 pam,
902 587 987 655 votis
1002 589 1129 656 ¹uostris
1154 582 1250 656 nobi-

191 700 273 772 liter
303 698 472 796 expleas,
509 701 657 769 sensero
680 699 735 795 (1)
765 700 883 784 vultis,
911 701 1066 770 manime
1091 724 1170 770 cum
1196 724 1252 770 vos

190 829 317 914 urgeat
351 811 464 884 meltis
499 839 603 884 amor
638 813 827 913 conjugum
860 829 898 884 et
932 811 1068 884 dilecte
1100 813 1248 900 sobolis,

191 929 413 1027 affectusque
424 945 616 1026 parentum
631 929 788 1000 stimulet
802 953 846 1000 ac
861 931 1068 1015 amicorum,
1090 954 1176 1026 quos
1182 954 1254 1026 pro

193 1045 336 1117 Chresto
358 1042 573 1117 desertastis.
606 1051 711 1118 Nunc
735 1042 785 1115 ad
803 1044 896 1116 hatto
922 1044 1133 1115 volantatem
1148 1071 1254 1141 pera-

190 1158 344 1258 gendam
362 1157 557 1257 benigniter
575 1176 735 1230 nostrum
746 1161 921 1257 percipite
936 1159 1142 1245 consilium,
1163 1158 1258 1257 quod

191 1278 269 1347 sim
283 1273 391 1347 dubio
410 1274 513 1364 vobis,
531 1274 757 1373 dispensante
774 1282 862 1360 Deo,
881 1274 1148 1372 comprobabitis
1162 1276 1256 1346 salu·

193 1387 254 1462 bre
267 1406 308 1461 et
319 1389 551 1462 comanam.
572 1390 682 1463 Urbes
698 1407 733 1463 et
748 1390 899 1490 oppida,
923 1417 1000 1490 quae
1020 1393 1059 1462 in
1081 1395 1108 1461 S
1101 1394 1189 1485 yria
1205 1389 1259 1460 vel

197 1508 372 1577 Romania
391 1505 598 1602 possidetis,
617 1506 782 1579 dimittite
805 1505 902 1579 noht's
924 1506 975 1578 ad
988 1533 1078 1604 opus
1098 1512 1257 1604 Impera·

161 1668 164 1672 ι
194 1623 295 1692 uris.
309 1627 387 1695 Nos
396 1637 515 1693 autem
528 1621 618 1694 ochis
628 1626 799 1721 optimam
812 1624 962 1695 classem
972 1623 1030 1719 (2)
1035 1622 1255 1721 preparabi-

194 1760 288 1822 mus‚·
308 1761 366 1807 uos
379 1753 417 1808 et
430 1760 553 1810 omnes
565 1741 776 1837 quicumque
793 1763 850 1810 uos
863 1741 967 1836 sequi
980 1739 1162 1824 voluerint,
1181 1741 1259 1809 sine

195 1849 305 1920 naulo
319 1851 375 1946 (3)
390 1853 732 1951 constuistinopolim
745 1851 796 1924 ad
803 1858 1000 1951 Augusum
1013 1851 1255 1941 conducemus,

195 1965 325 2038 etilluc
333 1992 442 2066 usque
448 1995 582 2065 panem
591 1985 626 2042 et
636 1972 754 2041 uitium
762 1984 798 2039 et
806 1993 950 2068 qunque
960 1966 1049 2041 vobis
1061 1971 1259 2040 necessam'a

195 2080 333 2167 lioerint
347 2084 495 2181 affatim
509 2086 810 2184 suppeditabimus
825 2086 1149 2184 (t).1mperatom
1163 2087 1260 2155 enim

196 2199 412 2273 mmmmm
428 2202 550 2274 iuliae
566 2228 606 2274 re
616 2207 759 2289 sct'mus,
775 2206 875 2300 eique
889 2202 1105 2274 tuliscroitto
1114 2201 1260 2298 placere

194 2312 377 2411 gliscimta
394 2316 461 2413 (5).
475 2321 635 2388 Francos
650 2316 776 2388 habere
790 2341 908 2388 secum
923 2316 1023 2389 valde
1034 2318 1256 2414 concupiscit,

195 2452 388 2528 corumque
404 2434 641 2503 comtantiasn
659 2447 697 2503 et
714 2435 864 2505 vivacem
881 2436 1047 2504 annisum
1070 2433 1125 2528 (6)
1146 2430 1262 2502 culmi·

196 2560 303 2615 tatur
316 2569 361 2616 ac
371 2542 500 2644 diligit.
518 2553 650 2619 Nostro
664 2545 825 2619 consultu
836 2574 906 2645 per
921 2545 1261 2645 ipsumsulucialiter

197 2659 267 2748 ite,
284 2674 325 2730 et
336 2662 573 2757 experiemini
585 2663 771 2735 comilium
795 2662 892 2735 istud
906 2690 980 2737 esse
1000 2661 1091 2733 vobis
1105 2661 1201 2732 utile.

247 2777 376 2850 Franci
391 2781 524 2877 pariter
538 2779 714 2853 consiliati
728 2793 825 2869 sunt,
840 2795 877 2852 et
890 2779 1015 2868 multa,
1030 2792 1138 2877 prout
1154 2801 1262 2849 unus·

200 2893 353 2992 quicque
368 2909 632 2968 commentatus
647 2895 703 2993 (7)
717 2910 783 2986 est,
797 2894 923 2968 callide
943 2895 998 2990 (8)
1017 2892 1263 2965 considerave-

201 3023 298 3080 runt.
321 3009 504 3111 Principes
522 3013 618 3083 enim
637 3037 721 3084 cum
742 3013 913 3085 comitatu
936 3035 1002 3082 suo
1020 3011 1191 3106 segregati
1209 3009 1264 3105 (9)

201 3138 298 3214 sunt,
312 3125 411 3198 etsie
424 3125 469 3199 ad
484 3127 639 3201 invicem
655 3126 767 3200 locuti
782 3142 865 3199 sunt
880 3152 889 3197 ε
909 3131 996 3197 Ecce
1007 3129 1046 3197 in
1053 3141 1264 3197 extraneam

200 3241 382 3337 regionem
394 3240 551 3340 elongati
559 3266 695 3331 sumus,
708 3259 814 3342 atque
824 3240 875 3312 ad
889 3257 1013 3313 nostra
1025 3239 1166 3340 regredi
1174 3264 1266 3310 sum·

234 3473 276 3544 (l)
293 3471 344 3529 Gt.
358 3475 411 3529 int.
424 3497 430 3528 ε
444 3477 544 3529 iterum
558 3474 661 3530 videre.

236 3559 278 3634 (2)
295 3559 346 3619 Gl.
360 3561 412 3617 int.
429 3585 434 3616 :
449 3567 695 3638 congregationem
708 3566 830 3618 navium.

235 3648 276 3723 (3)
295 3648 346 3705 Gi.
361 3650 414 3706 int.
428 3673 435 3703 :
450 3655 539 3723 pretio
552 3655 668 3724 navigii.

233 3736 277 3809 (l)
293 3734 345 3793 Gl.
359 3738 412 3792 int.
425 3761 430 3790 :
445 3737 626 3793 abundanter
638 3739 867 3793 ministrabimus.

234 3824 278 3895 (ὃ)
293 3824 345 3882 Gl.
359 3825 432 3882 ium:
449 3829 587 3900 cupimus.

235 3912 277 3984 (⁶)
294 3911 343 3969 Gl.
358 3915 411 3969 int.
423 3937 429 3966 z
443 3913 526 3969 effors
539 3916 655 3988 gallice,
669 3935 718 3970 seu
731 3918 869 3971 virtutem.

234 4001 277 4073 (Ἰ)
294 4002 344 4060 Gi.
360 4004 411 4059 int.
425 4027 430 4058 :
446 4015 614 4060 controuver
627 4007 739 4079 gallice.

235 4090 279 4162 (8)
294 4089 344 4148 Gl.
359 4091 432 4149 int.:
449 4103 541 4148 astute
555 4095 599 4148 vel
611 4097 760 4164 sapienter.

237 4178 281 4255 (⁹)
297 4179 346 4238 Gl.
360 4181 413 4238 int.
428 4205 433 4236 :
448 4187 580 4256 separati.
