3178 5052
330 485 390 547 140
591 435 785 542 'msronn
807 475 1114 540 sectususnos.
1180 476 1389 558 [nocitos]

329 639 384 688 res
403 615 550 711 contigit
570 613 785 710 gravissima.
808 613 945 681 Marcus
965 606 1213 699 finemundus,
1225 649 1226 654 =
1239 607 1388 704 insignis

329 741 415 830 dux,
423 737 730 839 expeditionemin
738 741 870 807 Turcos
882 736 964 832 egit,
975 759 1082 834 super
1090 757 1198 832 quem
1207 732 1388 804 Duliman-

330 880 397 926 nus
410 855 464 952 (l)
482 877 525 925 ex
548 856 727 951 insperato
749 875 832 922 curn
859 851 994 947 ingenti
1012 848 1241 922 multitudine
1263 849 1385 936 irruit,

330 973 460 1044 multos
468 971 613 1061 occidit,
624 985 659 1043 et
667 967 931 1058 Buamundum,
947 991 1029 1038 cum
1041 967 1191 1038 Ricardo
1198 966 1245 1038 de
1256 964 1389 1035 Princi-

329 1100 413 1184 patu
422 1086 489 1183 (2),
503 1085 650 1182 aliisque
664 1082 847 1156 nonnullis
859 1080 1041 1154 nobilibus
1054 1095 1089 1152 et
1101 1079 1325 1180 probissimis
1337 1077 1389 1148 vi·

329 1202 389 1291 ris,
405 1199 691 1299 comprehendit,
709 1200 918 1296 vinctosque
929 1197 1063 1268 cetenis
1076 1198 1113 1268 in
1125 1219 1266 1268 carcere
1276 1193 1387 1289 longo

330 1326 493 1411 tempore
503 1311 691 1409 tenuiuo).
708 1311 1052 1398 Tancredusautem‚
1064 1309 1231 1407 princeps
1241 1303 1385 1394 milite,

330 1426 452 1498 audito
474 1426 629 1516 domini,
649 1425 976 1522 consanguineique
994 1424 1047 1496 sui
1061 1423 1276 1512 infortunio,
1297 1445 1389 1491 con-

329 1543 565 1632 tristatusest3
585 1543 647 1616 sed
660 1567 734 1614 non
744 1540 909 1612 muliebri
918 1565 1019 1612 more
1028 1539 1073 1612 od
1083 1541 1208 1612 inanes
1216 1538 1390 1634 lacrymas

328 1682 390 1732 seu
408 1659 562 1732 lamenta
580 1683 774 1731 conversus
792 1672 857 1729 est.
877 1662 929 1728 Ex
945 1657 1046 1728 omni
1066 1679 1221 1754 namque
1237 1655 1389 1726 circum·

324 1773 458 1869 jacenti
467 1774 802 1873 provinciaomnem
812 1770 974 1842 militiam
983 1768 1387 1856 Fideliumconvocavit,

256 1876 260 1884 ¹
332 1889 552 1962 Antiochiam
564 1903 599 1960 et
613 1897 740 1960 omnes
752 1886 890 1958 viculos
901 1887 977 1984 ejus
988 1909 1030 1957 ac
1043 1886 1177 1985 oppida
1188 1886 1225 1955 in
1238 1883 1391 1954 circum·

327 2005 379 2075 itu
392 2003 550 2100 diligenti
566 2003 728 2075 custodia
745 2003 909 2091 munivit,
930 2015 978 2088 et,
995 2000 1157 2098 quandiu
1173 1998 1246 2070 dux
1261 1999 1300 2068 in
1313 1997 1392 2068 vin·

329 2117 417 2190 culis
434 2118 516 2209 fuit,
534 2133 661 2190 eontra
679 2141 804 2190 ornnes
818 2116 974 2188 hostium
992 2117 1147 2216 impetus
1163 2111 1390 2212 irreprehen-

329 2234 476 2306 sibiliter
487 2235 697 2322 defensavit,
713 2236 826 2306 immo
843 2234 932 2306 fines
944 2235 1020 2330 ejus
1035 2233 1202 2306 nobiliter
1212 2231 1386 2305 dilatavit.

380 2349 518 2422 Alexius
531 2355 742 2449 imperator,
759 2364 797 2421 ut
807 2350 1057 2422 Buamundum
1068 2350 1106 2421 in
1122 2373 1250 2422 munus
1262 2351 1393 2418 Turoo·

329 2487 410 2537 rum
430 2465 596 2538 incidisse
620 2466 825 2564 comperiit,
847 2465 1005 2563 gaudens
1022 2467 1156 2564 legatos
1180 2490 1264 2538 cum
1285 2462 1394 2562 pluri·

328 2579 395 2653 bus
418 2581 550 2652 exeniis
573 2581 788 2653 Dalimunno
807 2581 955 2670 direxit,
978 2581 1177 2654 admodum
1200 2579 1392 2652 obsecrans

330 2712 368 2768 ut
380 2697 570 2770 maximum
586 2719 653 2795 pro
673 2696 884 2768 Buumundo
898 2696 1185 2794 redemptionem
1202 2694 1388 2792 reciperet,

327 2813 517 2910 ipsumque
539 2811 691 2910 acceptis
709 2825 854 2885 centum
876 2810 1033 2882 millibus
1049 2810 1319 2908 Philippeorum
1334 2806 1391 2902 (lt)

364 3059 403 3128 (l)
422 3059 497 3113 liter
513 3083 519 3113 :
534 3059 694 3113 Danisman.

363 3149 403 3217 (2)
420 3147 545 3204 Richanl
557 3147 592 3202 de
609 3147 634 3202 la
652 3149 847 3222 principante,
865 3149 997 3222 province
1014 3147 1054 3204 du
1068 3164 1201 3220 royeume
1213 3144 1251 3202 de
1268 3145 1389 3219 napea.

328 3234 508 3308 aujourd’hui
527 3233 630 3292 divisse
647 3255 683 3292 en
703 3237 853 3294 cite'rieure
871 3247 899 3294 et
919 3237 1086 3304 ulterieure
1104 3246 1189 3308 ayant
1209 3253 1281 3310 pour
1298 3233 1391 3290 chess-

328 3323 403 3376 lieux
416 3321 530 3376 Salerne
542 3332 571 3376 et
585 3322 721 3379 Avellino.

365 3411 404 3482 (3)
422 3410 496 3470 C'est
511 3429 548 3466 en
565 3409 651 3466 allant
669 3429 703 3466 au
722 3429 834 3468 secours
851 3411 928 3470 dela
947 3411 1012 3469 ville
1028 3413 1192 3468 chrdtien'ne
1207 3407 1243 3466 de
1260 3409 1393 3468 Melitene

329 3499 521 3572 (aujourd’hui
539 3499 697 3572 matathia),
712 3519 774 3558 vers
789 3501 816 3558 le
832 3504 905 3558 mois
922 3501 1017 3559 d’tofit
1033 3507 1117 3570 lito,
1129 3519 1188 3577 que
1203 3499 1348 3558 Βοὲωοιιὰ
1363 3509 1394 3556 et

329 3605 379 3642 son
394 3589 490 3644 cousin
503 3587 628 3642 Richard
641 3587 676 3642 de
693 3588 719 3642 ln
736 3590 918 3668 Principautd
934 3591 1093 3647 tomberent
1111 3590 1179 3646 dous
1195 3589 1234 3646 les
1252 3587 1342 3646 mains
1356 3585 1392 3646 de

328 3675 419 3732 l’dmir
433 3679 593 3734 'furcoman
608 3677 793 3745 Danismand‚
812 3691 841 3735 et
856 3681 938 3756 qu’ils
957 3700 975 3754 y
992 3683 1128 3737 resterent
1148 3679 1273 3754 pendant
1292 3687 1393 3754 quatre

329 3782 392 3836 ans,
404 3782 466 3820 sans
477 3765 562 3840 qu’ou
578 3765 661 3821 sache
676 3779 816 3823 comment
830 3767 864 3823 ils
877 3787 912 3823 cu
926 3769 1074 3836 sortirent;
1089 3787 1136 3824 car
1149 3767 1169 3823 il
1182 3769 1253 3824 n'est
1265 3785 1314 3842 pas
1328 3783 1393 3839 pos-

329 3853 398 3908 tible
408 3852 545 3926 d'ajouter
556 3855 596 3910 soi
612 3857 627 3910 l
640 3854 665 3911 la
677 3855 795 3929 legende
807 3857 892 3931 qu’on
904 3857 1000 3914 salire
1012 3861 1030 3914 l
1043 3876 1075 3913 ce
1086 3857 1167 3931 quet.

364 3943 404 4014 (l)
419 3943 497 4000 Nous
510 3960 594 3999 avom
611 3943 675 4017 dojt
692 3948 840 4001 reucontre
851 3946 1004 4014 cidenas,
1018 3965 1049 4020 p.
1064 3949 1133 4018 ⁴25,
1148 3965 1179 4003 oo
1192 3956 1265 4014 tuot,
1278 3941 1328 4019 qui
1340 3941 1391 3998 dd·

328 4033 407 4106 signe
420 4049 476 4087 une
486 4033 616 4089 monnaie
628 4032 698 4100 d'or‚
712 4033 826 4108 lrappde
836 4035 1044 4108 dausl’origine
1054 4039 1069 4090 l
1080 4035 1189 4110 l’eliigie
1199 4035 1236 4091 de
1248 4033 1390 4107 Philippo,

329 4122 371 4178 roi
388 4121 423 4176 de
441 4121 613 4190 Mucidoine,
630 4123 697 4196 pere
716 4123 911 4180 d'Alexuudre.
929 4124 953 4178 Il
972 4127 1076 4196 yavait
1092 4127 1163 4182 numi
1181 4125 1231 4182 des
1247 4123 1394 4196 Philippeo

328 4210 470 4286 d’wgent,
483 4224 512 4270 et
523 4213 615 4268 tudine
627 4211 662 4280 de
674 4214 776 4268 cuivre.
