2888 4934
509 410 625 471 Lllllill
647 410 887 471 UNDECIMUS.
1172 414 1228 471 197

170 544 350 619 archiatris
373 542 631 633 fatiscentibus,
651 542 798 639 quidam
815 542 971 614 hirsutus
994 543 1040 615 de
1062 542 1228 615 Barbarie

170 662 264 735 venit
282 659 360 756 (l),
387 674 422 731 et
440 658 617 756 apodixen
638 657 857 731 medicinalis
870 659 1002 756 peritiae
1022 685 1130 757 super
1146 660 1227 732 des-

170 791 331 876 peratum
354 775 524 870 juvenem
546 799 709 846 exercere
730 774 859 872 eoepit,
894 777 1043 871 Deoque
1067 774 1226 865 volente,

170 886 343 986 indigenis
371 887 518 960 medicis
547 888 807 977 invidentibus,
836 887 998 986 profecit.
1031 889 1095 959 llic
1125 890 1229 960 nimi·

170 1028 249 1077 rum
270 1005 364 1076 inter
385 1003 555 1074 Ethnieos
581 1003 642 1074 diu
666 1017 896 1075 conversatus
923 1003 1052 1092 fuerat,
1082 1017 1119 1074 et
1147 1029 1229 1101 pro·

170 1118 278 1208 lunda
294 1117 446 1217 physicae
463 1132 597 1190 secreta
611 1116 819 1189 subtilitera
837 1116 1024 1189 didascalis
1040 1116 1230 1214 indagave-

170 1248 240 1324 rat,
271 1257 364 1331 quos
396 1233 564 1305 diuturna
601 1233 822 1329 investigatio
857 1233 1097 1331 philosophiae.
1123 1259 1230 1332 super

170 1373 295 1423 omnes
311 1348 481 1422 barbaros
494 1349 670 1446 sophistas
681 1349 806 1421 notitia
824 1373 944 1420 rerum
963 1347 1227 1422 sublimaverat.

170 1466 331 1562 Denique
348 1465 442 1562 regia
466 1464 609 1537 soboles
626 1466 824 1554 convaluit,
854 1466 917 1538 sed
945 1467 1046 1536 omni
1069 1480 1230 1563 postmo-

170 1578 257 1653 rlum
273 1583 346 1653 rita
361 1606 425 1653 sua
443 1581 596 1679 pallidus
618 1581 732 1653 extitit
748 1581 818 1677 (e).

215 1696 495 1769 Convalescente
518 1697 701 1795 privigno,
730 1721 885 1768 noverca
905 1697 1089 1793 ingemuit.
1116 1699 1230 1769 llletus

170 1811 284 1897 euim,
315 1837 382 1910 pro
407 1811 509 1882 rumis
531 1837 610 1909 quae
631 1811 718 1891 dim
737 1795 788 1882 illi
807 1826 1075 1910 procuraverat,
1105 1811 1230 1883 odium

170 1894 344 2024 purletia,
368 1941 402 1998 et
430 1926 592 2023 quotidie
613 1926 854 2025 multipliciter
876 1926 1040 2023 augebat.
1065 1931 1230 2024 Quapro-

170 2055 245 2136 pter
260 2042 408 2113 exitium
433 2040 482 2112 illi
505 2064 723 2138 magnopere
752 2056 1021 2139 peroptaverat,
1050 2055 1085 2113 et
1110 2040 1230 2112 multis

170 2156 355 2229 cornubus
370 2182 435 2255 per
450 2157 622 2255 plurimos
637 2157 832 2254 iniquitatis
849 2157 1041 2255 complices
1058 2180 1228 2255 procura·

170 2286 279 2361 verat,
299 2287 338 2342 ut
356 2287 391 2343 et
403 2274 490 2372 ipsa,
510 2272 556 2345 de
574 2273 702 2344 timore
716 2273 803 2368 ejus,
823 2297 931 2370 quem
946 2273 1051 2344 nimis
1067 2272 1228 2345 offende-

170 2401 237 2477 rat,
257 2386 423 2477 liberata,
442 2391 480 2458 in
498 2388 700 2486 principatu
716 2388 940 2484 gloriaretur,
960 2404 995 2461 et
1013 2387 1105 2460 lilios
1124 2413 1226 2476 suos,

170 2499 372 2600 Philippum
398 2518 434 2574 et
462 2502 605 2574 Florum
629 2503 700 2598 (3),
721 2504 750 2575 si
767 2502 826 2576 ille
846 2519 1059 2592 moreretur,
1076 2505 1111 2574 in
1132 2504 1230 2599 regni

170 2615 255 2691 solio
274 2619 435 2691 securior
453 2621 668 2692 intronizare
684 2619 883 2692 moliretur.
907 2619 1062 2717 Supplex
1083 2618 1229 2690 tandem

200 2903 239 2977 (l)
257 2903 307 2961 On
325 2905 382 2959 voit
398 2921 496 2977 percer
512 2902 582 2957 dans
598 2901 735 2974 l’adjectil
747 2904 871 2958 hirsutus
887 2903 1025 2957 l'horreur
1038 2900 1077 2954 du
1090 2900 1185 2972 clergo
1194 2899 1230 2955 dc

171 3002 238 3049 Μὴ
248 2994 361 3067 ἀροᾳυο
372 3010 445 3065 pour
457 2992 495 3046 les
508 2991 588 3064 longs
599 2993 723 3047 clreveux
733 3003 763 3047 et
773 2993 813 3047 les
823 2993 941 3065 longucs
952 2991 1061 3046 barber.
1076 2990 1153 3044 Nous
1164 3009 1230 3063 peu-

172 3099 231 3139 tons
241 3101 300 3157 que
312 3082 467 3137 Barbaries
480 3082 588 3154 signifie
602 3081 653 3147 ici,
673 3100 727 3135 non
742 3100 790 3154 pas
803 3081 829 3136 la
842 3080 972 3136 Barbarie
984 3079 1143 3153 d'Alrique,
1162 3079 1231 3133 mais

171 3168 207 3225 les
218 3189 287 3247 pays
300 3172 419 3243 occupes
432 3188 482 3242 par
496 3169 536 3223 les
552 3170 663 3223 lllaures
677 3169 836 3244 oblinquo,
854 3167 1028 3224 c’est-s-dire
1044 3168 1068 3222 la
1087 3168 1231 3241 peninsule

174 3258 334 3335 &pegnolm
345 3260 383 3314 οὺ
394 3257 414 3314 il
426 3278 443 3331 y
455 3260 527 3314 avait
539 3259 612 3313 alors
622 3259 670 3313 des
681 3258 769 3314 &coles
781 3257 816 3313 de
827 3257 970 3313 medecine
980 3256 1229 3324 tres-ssorissantes‚

171 3347 269 3405 utrm
277 3347 478 3420 ruperieurest
489 3345 570 3402 celles
579 3344 614 3400 de
623 3345 647 3399 la
656 3346 823 3403 chretiente.
835 3345 951 3418 Apodix
960 3344 1070 3418 signifie
1084 3346 1229 3416 :epreuva

172 3437 340 3508 uputenoe.

201 3524 238 3597 (ἱ)
256 3525 296 3580 Ce
309 3527 417 3597 priore,
435 3525 541 3598 malgre
553 3542 601 3578 son
615 3524 813 3596 embonpoint,
827 3534 899 3578 resta
912 3541 947 3577 en
960 3521 1024 3577 effet
1040 3522 1101 3595 pallo
1113 3533 1191 3578 toute
1204 3541 1231 3577 sa

173 3611 224 3677 tie.
236 3630 288 3684 par
299 3613 373 3668 suite
385 3613 434 3668 des
446 3614 556 3686 poisons
569 3631 624 3685 que
639 3610 771 3666 bertrade
783 3611 822 3666 lui
835 3614 908 3666 avait
919 3612 969 3665 lait
981 3610 1169 3665 administrer⁸

202 3701 240 3772 (ὅ)
256 3701 403 3774 Philippo,
422 3711 513 3755 comte
532 3701 567 3755 de
582 3701 691 3754 Montes
704 3710 732 3753 et
748 3700 879 3771 seigneur
894 3699 929 3754 de
950 3698 1231 3766 Mehun-suralevre,

173 3789 252 3849 otene
261 3807 297 3844 en
308 3793 394 3856 truh,
408 3793 424 3843 a
436 3790 593 3858 Elisabeth,
608 3788 663 3843 fillo
677 3788 712 3842 de
724 3789 779 3842 Gui
792 3787 936 3859 Troussel‚
949 3788 1079 3859 seigneur
1090 3786 1126 3841 de
1139 3789 1232 3842 Mont-

173 3873 254 3944 lteri,
272 3876 332 3931 l’un
354 3877 403 3932 des
424 3877 610 3932 Funambules
631 3874 808 3930 d'Antioche.
827 3876 922 3948 Voyez
943 3875 1106 3940 ci-dessus,
1129 3883 1149 3926 t.
1172 3873 1231 3938 ΙΙΙ,

175 3981 200 4034 ρ.
212 3967 273 4023 tlt.

204 4052 312 4119 thuri,
334 4055 420 4109 marie
438 4059 453 4110 a
472 4055 624 4111 l'lre'ritiine
645 4055 679 4110 de
699 4054 819 4128 Nangis,
840 4054 908 4109 dont
930 4052 947 4107 il
969 4064 1017 4107 eut
1037 4050 1176 4107 Elisabeth
1197 4049 1232 4105 de

176 4138 289 4214 llangis,
304 4142 407 4197 lemme
422 4142 534 4198 d'Ansel
549 4144 584 4198 dc
599 4144 707 4199 Veniri.
