2888 4934
201 448 242 508 ac
475 446 658 507 uisronu
679 445 986 508 accnnsnsum.
1051 450 1258 527 [roos-roos]

202 579 372 671 exulavit,
391 594 426 652 et
446 581 597 652 externis
620 581 842 653 auditoribus
865 581 965 653 dicax
987 581 1261 654 seminiverbius

200 696 428 794 spiritualiter
443 697 586 796 profuit.
609 698 645 767 si
657 699 738 794 quis
747 697 824 794 ejus
837 697 928 768 lacta
939 721 1002 768 seu
1014 696 1108 768 dicta
1115 694 1261 794 plenius

199 812 410 908 perscrutari
427 810 593 898 volucrit,
610 813 644 881 in
657 812 789 910 praelati
801 811 893 883 libro
904 811 1154 910 Edmariapud
1173 816 1258 883 Bec-

199 949 283 995 cnm
299 925 476 1016 Herluini,
491 927 758 1023 praedecessoris
771 927 845 1014 sui,
865 929 1021 1026 reperire
1036 927 1197 1025 poterit(
1223 924 1253 1020 ).

247 1044 306 1110 IX.
332 1043 371 1112 ln
391 1056 583 1131 autumno,
603 1041 812 1114 Guillelmus
828 1067 910 1132 rex,
932 1056 1122 1141 postquam
1140 1045 1258 1113 Ceno·

197 1180 422 1246 mannenscs,
439 1172 477 1228 ut
491 1156 625 1229 dictum
637 1172 702 1247 est,
722 1157 872 1254 subegit,
888 1172 925 1230 et
941 1159 1195 1229 Normannicas
1208 1156 1254 1230 ad

196 1269 336 1342 lihitum
349 1295 454 1342 suum
471 1296 528 1344 res
541 1275 760 1371 composuit,
775 1273 883 1346 llante
896 1279 1024 1344 Austro
1042 1271 1254 1344 ditissimum

196 1383 355 1456 Albionis
372 1410 521 1483 regnum
538 1388 668 1459 revisit.

243 1502 412 1597 Sequenti
447 1525 569 1591 anno,
604 1502 721 1575 Helias
757 1517 837 1600 post
870 1503 1004 1576 Pascha
1037 1503 1092 1598 (2)
1125 1503 1256 1573 iterare

194 1639 357 1712 guerram
381 1619 505 1715 oepit,
531 1633 585 1706 et,
613 1618 703 1690 clam
729 1619 1033 1692 consentientibus
1058 1618 1253 1715 indigenis,

123 1737 127 1746 '
194 1731 405 1829 depopulari
425 1732 582 1806 confinia
604 1750 640 1807 et
662 1734 823 1806 militiam
854 1735 944 1832 regis
968 1735 1139 1807 lacessam
1161 1748 1254 1806 sate-

193 1849 255 1944 git.
274 1850 455 1946 Denique,
476 1875 599 1922 mense
619 1851 740 1947 junio,
765 1875 848 1921 cum
872 1851 1000 1946 insigni
1027 1848 1254 1922 multitudine

193 1961 346 2034 militum
361 1967 477 2054 venit,
499 1964 544 2036 ad
562 1965 745 2037 Planclrias
761 1965 954 2037 Godelredi
975 1965 1030 2061 (3)
1047 1965 1182 2035 vadum
1199 1960 1255 2058 (0)

194 2080 358 2172 Egueniae
393 2080 550 2151 fluminis
585 2081 831 2177 pertransivit,
870 2083 1055 2179 regiosque
1088 2078 1250 2178 pugile8‚

193 2193 254 2289 qui
279 2193 403 2263 urbem
423 2194 688 2283 custodiebant,
711 2194 757 2265 ad
775 2197 982 2267 conllictum
999 2194 1162 2266 lacessiit.
1182 2197 1253 2265 Au·

193 2309 297 2380 daces
320 2335 406 2382 vero
429 2313 626 2382 Normanni
649 2311 742 2382 loras
762 2325 1023 2410 proruperunt,
1048 2310 1182 2408 diuque
1200 2308 1254 2379 di·

193 2426 431 2515 micaverunt3
459 2427 541 2516 sed,
570 2452 761 2500 numerosa
786 2428 942 2500 hostium
965 2429 1094 2500 virtute
1116 2449 1253 2526 praeva·

191 2539 306 2626 lente,
326 2542 361 2611 in
385 2541 510 2612 urbem
528 2542 657 2639 repulsi
675 2558 770 2613 sunt.
790 2547 888 2613 'l'unc
905 2545 1013 2614 etiam
1030 2541 1151 2612 hostes
1168 2564 1252 2611 cum

192 2654 326 2727 eisdem
343 2656 488 2751 ingressi
504 2670 605 2744 sunt,
626 2656 727 2752 quia,
752 2681 878 2727 eorum
902 2656 1069 2728 violentia
1091 2656 1250 2744 coerciti,

192 2771 392 2869 municipes
403 2785 524 2868 portas
536 2769 703 2842 claudere
711 2772 968 2868 nequiverunt;
981 2771 1043 2842 sed
1051 2795 1116 2868 per
1125 2767 1252 2841 urbem

191 2885 380 2980 fugientes,
398 2889 457 2958 vix
478 2889 514 2957 in
533 2911 669 2976 arcem,
690 2885 846 2983 aliasque
864 2887 1079 2958 munitiones
1102 2886 1252 2958 introire

117 2983 119 2987 ¹
190 3013 397 3095 potuerunt.
429 3002 530 3074 Cives
561 3002 658 3074 euim
687 3000 823 3073 Heliam
854 3000 1005 3072 multum
1031 3000 1250 3098 diligebant,

191 3111 345 3211 ideoque
362 3115 587 3187 dominatum
602 3117 678 3213 ejus
697 3118 809 3214 magis
831 3142 938 3214 quam
959 3121 1251 3190 Normannorum

200 3229 417 3302 illectabant.
444 3232 639 3331 Municipes
660 3246 799 3321 autem,
826 3233 889 3329 qui
914 3232 1134 3304 munimenta
1159 3234 1251 3330 regis

212 3392 897 3406 “umanum-omum

226 3471 266 3541 (4)
283 3470 371 3526 Notre
382 3481 481 3526 auteur
493 3470 588 3526 oublie
599 3471 668 3545 qu’il
681 3472 757 3527 vient
769 3469 804 3524 de
815 3487 885 3524 nous
897 3467 958 3524 dire
971 3480 1033 3524 tout
1046 3467 1113 3535 cela,
1128 3472 1182 3524 eta
1196 3487 1252 3543 peu

96 3591 100 3599 ·
213 3558 340 3618 ,rlsdans
351 3557 390 3613 les
401 3558 506 3614 memes
513 3569 624 3613 termes.
635 3559 713 3614 Saiut
724 3556 854 3615 Anselme
864 3558 933 3612 erait
944 3557 1095 3629 originali-e
1106 3555 1141 3611 de
1153 3557 1179 3611 la
1189 3555 1254 3612 ville

200 3645 311 3701 t’Aoate
327 3664 363 3701 eu
381 3647 524 3707 Piemont.
544 3648 581 3701 οὐ
600 3645 620 3700 il
641 3646 740 3720 naquit
757 3664 792 3699 en
814 3648 894 3702 4033.
915 3645 992 3700 Parti
1012 3643 1207 3717 d’Augleterm
1226 3644 1253 3698 le

190 3733 225 3790 40
234 3733 350 3790 octobre
362 3734 441 3802 4007,
456 3735 476 3789 il
490 3734 535 3806 n‘y
548 3744 642 3789 rantra
655 3751 711 3806 quc
725 3733 751 3788 le
761 3735 796 3790 23
812 3732 970 3806 septembre
984 3735 1064 3788 4200.
1080 3731 1104 3785 ll
1116 3729 1167 3787 etit
1179 3731 1253 3787 donc

188 3818 1250 3897 dtdplmuactdeprosenteraonexilcommeayantdurepresdetroisam.

218 3906 265 3991 w
280 3908 379 3985 ἥψω
389 3909 511 3967 tumbata
521 3920 594 3965 cette
605 3911 694 3965 annae
706 3908 732 3965 lc
744 3914 777 3966 40
791 3909 869 3963 avril.

228 3994 265 4061 ”l
281 3994 471 4079 bumeliam
483 3996 522 4051 du
538 3994 594 4052 lieu
614 3995 715 4071 auquel
729 3997 906 4072 s’appliquait
933 4014 964 4051 ce
986 4014 1052 4051 nom
1073 4015 1108 4051 ne
1127 3996 1192 4052 s’eat
1205 4015 1255 4069 pat

260 4084 347 4157 ande.

456 4170 596 4229 '‘fluimu
