2888 4934
187 451 294 529 [ioca]
551 443 668 504 mann
687 444 874 506 uncinus.
1074 490 1077 497 .
1203 450 1242 506 57

186 579 396 667 servabant,
416 575 584 649 omnibus
602 578 807 650 necessariis
823 576 974 676 pleniter
993 575 1241 667 abundabant,

188 711 223 770 et
242 696 376 767 idcirco
395 692 569 790 usquead
587 707 740 783 mortem
758 717 824 791 pro
842 692 981 764 domini
998 693 1054 764 sui
1077 691 1246 766 fidelitate

189 811 341 910 praeliari
354 807 571 906 satagebant.
586 813 710 898 Porro,
727 807 844 880 Helias
856 832 879 879 a
890 805 1126 904 gaudentibus
1141 808 1247 880 nrba·

189 927 246 998 nis
259 927 295 997 in
307 925 449 997 civitate
458 937 642 1021 susceptus
660 936 732 1009 est;
748 921 811 994 sed
821 920 988 993 omnibus
996 920 1064 993 illis
1071 947 1176 1019 grave
1188 922 1248 994 de·

189 1041 398 1114 trimentnm
406 1039 490 1110 inde
499 1040 661 1138 protinus
671 1051 833 1110 exortum
844 1051 908 1109 est.
923 1037 1122 1110 Gualterius
1134 1039 1244 1127 enim,

190 1157 350 1253 ansgerii
367 1155 473 1245 filius,
491 1169 610 1226 custos
625 1155 733 1245 arcis,
749 1154 852 1250 jussit
868 1152 993 1243 labris,
1011 1179 1103 1252 quos
1125 1180 1246 1227 secum

189 1270 363 1358 habebat,
388 1271 548 1370 opemri,
568 1271 720 1342 scoriam
744 1295 889 1369 quoque
911 1271 1124 1344 candentem
1141 1296 1248 1370 super

191 1400 285 1458 tecta
304 1387 497 1458 domorum
516 1412 537 1458 a
559 1385 746 1458 balistariis
764 1387 964 1484 impetuose
984 1386 1123 1483 jactari.
1149 1390 1248 1457 Tunc

189 1502 317 1574 mtilus
332 1503 431 1574 Titan
452 1503 621 1576 sublimes
636 1503 806 1575 Geminos
829 1501 1039 1602 peragrabat
1054 1502 1122 1599 (l),
1142 1517 1176 1574 et
1195 1502 1249 1573 in·

191 1619 288 1713 genti
306 1618 461 1690 siccitate
478 1619 635 1690 muudus
648 1617 782 1708 arebat,
800 1619 1055 1716 flammeusque
1069 1619 1177 1690 turbo
1188 1618 1250 1688 im·

190 1729 349 1804 bricibus
361 1733 415 1828 (2)
429 1733 590 1805 aularum
604 1732 791 1805 insidebat.
807 1735 864 1804 Sic
878 1735 1008 1805 nimius
1023 1733 1114 1830 ignis
1126 1757 1251 1805 accen·

192 1872 251 1919 sus
268 1864 335 1937 est;
350 1872 424 1945 quc
440 1850 593 1922 nimium
604 1847 828 1947 praevalente,
843 1863 918 1921 totu
930 1850 1051 1921 civitas
1063 1846 1250 1920 combusta

192 1975 258 2033 est.
277 1962 545 2035 Clarembaldus
562 1963 608 2035 de
628 1964 781 2034 Lusoriis
804 1962 859 2059 (3)
879 1977 914 2035 et
933 1964 1150 2053 Gualterius,
1173 1961 1249 2032 alii·

191 2099 263 2173 qne
273 2076 441 2149 satellites
448 2078 669 2150 munimenta
682 2076 869 2174 diligenter
879 2094 1119 2152 servaverunt.
1134 2078 1251 2150 Helias

192 2216 280 2264 vero
299 2207 334 2264 et
346 2194 402 2264 sui
415 2193 543 2265 lmstra
560 2192 733 2264 machinis
747 2208 783 2264 et
792 2192 986 2267 ,assultibus
998 2193 1102 2266 valde
1117 2193 1252 2272 labora·

192 2323 347 2397 verunt3
377 2308 441 2380 sed
463 2323 588 2380 contra
613 2308 903 2407 inexpugnabiles
927 2310 1143 2403 munitiones
1163 2307 1250 2379 nihil

192 2423 467 2520 praeraluemnt.
478 2423 679 2497 Radbertus
688 2441 809 2499 autem
819 2425 1048 2499 Belesmensis
1063 2425 1252 2497 Balaouem

193 2539 359 2629 munivit,
376 2564 629 2638 cursoremque
648 2564 754 2611 sunm
774 2541 1051 2639 Amalgisum(lt)
1066 2540 1251 2613 confestim

228 2858 269 2924 (l)
287 2851 376 2908 Notre
388 2863 488 2908 auteur
498 2863 562 2908 rent
572 2851 633 2909 dire
644 2855 727 2928 qu'on
741 2857 809 2910 etait
821 2866 900 2910 entre
911 2856 937 2910 le
946 2859 976 2914 2l
992 2856 1045 2908 mai
1056 2863 1085 2909 et
1096 2853 1122 2908 le
1134 2856 1168 2912 22
1176 2853 1250 2925 juin.

228 2943 270 3012 (2)
287 2941 342 2997 Cea
358 2941 469 2996 edifices
490 2941 593 2996 etaient
615 2942 827 3015 prcbablement
846 2954 974 2999 couverts
990 2961 1025 2997 en
1044 2943 1180 3011 bardesa,
1198 2962 1250 3009 cn,

194 3046 305 3084 mantne
318 3046 388 3084 nous
400 3027 494 3083 discas
507 3029 576 3083 dans
588 3040 670 3084 notre
687 3032 830 3102 province,
844 3050 879 3087 en
893 3032 1026 3103 aissante,
1040 3032 1108 3087 ainsi
1122 3049 1177 3106 que
1188 3031 1254 3087 e’est

194 3136 297 3188 encore
313 3118 417 3191 l'usage
433 3127 512 3172 entre
530 3117 652 3172 Mortain
671 3130 700 3174 et
717 3120 881 3187 Dominum,
896 3119 1002 3193 malgre
1019 3118 1045 3174 le
1064 3120 1204 3193 vcirinage
1218 3120 1254 3174 de

193 3205 335 3262 l'ardoiae.
349 3206 405 3261 Sur
416 3224 448 3261 ce
461 3223 546 3278 genre
559 3205 595 3261 de
606 3218 771 3262 couverture
782 3225 818 3261 au
831 3227 930 3281 moyen
943 3209 1009 3280 ige,
1023 3226 1105 3281 noyez
1117 3207 1254 3263 l'bistcire

194 3295 231 3352 de
242 3295 270 3351 la
282 3313 431 3352 commuue
443 3294 492 3350 des
504 3295 785 3364 baux-dc-Breteuil,
799 3296 867 3352 dans
879 3296 905 3353 le
919 3297 1110 3353 Dicticnnaire
1122 3307 1254 3371 topogra-

192 3385 298 3460 plu’que
311 3395 338 3440 et
350 3384 501 3457 lristrrrique
513 3384 553 3439 du
565 3384 759 3457 departement
771 3385 807 3440 de
821 3386 929 3442 l'Eure.

231 3473 273 3545 (3)
290 3472 370 3528 Noua
386 3489 506 3545 pensons
521 3471 589 3546 qu’il
602 3473 682 3546 a'ugit
694 3474 730 3528 ici
742 3473 778 3527 de
788 3474 1032 3540 Limm·sur·Vie‚
1045 3485 1146 3530 canton
1159 3474 1194 3529 de
1207 3475 1256 3529 Li-

194 3570 285 3615 rarct.
296 3558 484 3615 curembaud
495 3561 563 3615 etait
575 3559 788 3634 prcbablemeut
800 3561 844 3615 lils
854 3580 891 3616 ou
903 3581 939 3616 au
950 3563 1042 3617 moins
1053 3575 1153 3637 parent
1164 3575 1193 3619 et
1204 3563 1257 3617 be·

193 3648 278 3706 ritier
295 3646 332 3702 de
351 3647 510 3703 Gnillnutne
521 3648 557 3704 de
573 3650 727 3717 Lurscura,
742 3651 791 3724 qui
809 3649 899 3724 ligure
917 3650 986 3705 dans
1002 3671 1057 3707 une
1075 3653 1169 3708 charte
1182 3652 1217 3707 de
1230 3650 1257 3705 la

191 3737 324 3809 jeuuease
342 3733 379 3789 de
397 3734 815 3813 Guillaume·le-Conquerant,
838 3757 947 3794 comme
968 3741 1086 3808 te‘mcin,
1109 3759 1144 3795 eu
1166 3741 1257 3796 meme

194 3833 286 3895 temps
295 3821 475 3896 qu’Osmond
486 3822 590 3888 basset,
603 3824 711 3881 Rcbert
719 3836 749 3881 et
760 3825 899 3892 Fuscelin,
911 3845 953 3882 ses
964 3827 1062 3883 freres.
1072 3829 1152 3884 Cette
1161 3827 1258 3882 charte

193 3921 238 3967 est
255 3930 291 3968 en
309 3911 406 3967 fureur
420 3911 456 3967 de
475 3911 600 3985 l'abbaye
616 3913 652 3969 de
669 3915 880 3984 Montirilliers,
899 3915 960 3988 de'jt
977 3917 1163 3991 proprietaire
1177 3918 1213 3973 de
1231 3915 1258 3970 la

195 4001 294 4057 moitie‘
304 4000 355 4056 des
369 3999 513 4056 domaiues
524 4012 553 4056 et
565 4001 601 4058 de
614 4002 718 4076 t’egtise
731 4003 767 4059 de
780 4006 919 4061 Lurscarz.
936 4006 1030 4077 Voyez
1051 4007 1127 4062 Gall.
1143 4004 1255 4070 Christ,

196 4087 253 4157 xl,
268 4089 362 4157 inste,
377 4106 404 4144 c.
419 4089 472 4148 ³27
483 4099 512 4144 et
524 4092 587 4148 ³28.

230 4178 272 4245 (l)
284 4175 326 4233 ce
337 4177 467 4233 ccurrier
478 4178 579 4246 dcvait,
593 4178 701 4251 d'apries
714 4198 763 4234 son
777 4199 853 4248 nom,
867 4180 926 4235 titre
940 4182 1077 4255 rl'origine
1090 4179 1255 4236 Lonrburdc.
