2888 4934
182 439 308 517 rusa]
528 435 934 497 urranuonrcmns.
1198 439 1257 498 su

181 569 396 669 mserum
411 566 462 642 ad
472 567 553 640 illos
565 594 644 640 cum
659 572 769 667 copiis
781 571 849 640 tuit
860 592 1028 639 remeare.
1046 573 1148 667 Hugo
1163 573 1257 642 euim

182 686 240 760 de
261 693 424 762 Gornaco
443 701 480 757 ct
501 686 700 784 Steplmnus
720 684 763 756 de
780 683 1001 771 Albamurlo,
1018 709 1097 755 cum
1113 685 1258 783 compli-

183 800 294 875 cibus
308 804 394 888 suta,
411 802 450 871 in
468 816 586 872 monte
601 803 788 900 Rotomagi
798 801 853 898 (l)
866 802 1072 886 coruirtuut,
1088 815 1125 870 et
1136 803 1176 870 iu
1188 825 1257 872 coe·

186 915 302 989 mbo
314 920 452 987 Sanctae
466 916 650 987 Trinitatis
661 914 844 988 casellam
858 929 1059 987 construere
1077 928 1254 1012 satagunt,

189 1030 314 1131 ibique
328 1047 488 1129 nepotem
510 1047 618 1118 mum,
638 1055 718 1102 cum
732 1028 953 1102 multitidine
967 1034 1187 1100 Francorum
1204 1052 1259 1100 aa·

191 1151 366 1234 utentem,
377 1145 642 1245 praestolantur,
660 1161 698 1217 ut
709 1171 733 1216 a
745 1144 872 1217 civibus
887 1146 923 1215 ei
935 1147 1056 1216 civitas
1064 1142 1255 1242 prodetur.

192 1263 380 1354 Protinus,
397 1261 454 1334 his
469 1261 611 1351 auditis,
631 1285 692 1333 rex
709 1259 794 1333 inde
811 1284 973 1333 reversus
988 1274 1054 1350 est,
1073 1273 1109 1331 et
1125 1284 1259 1332 cuneus

194 1377 432 1449 castrensium
445 1377 482 1448 in
497 1376 635 1448 diversa
649 1375 865 1448 divertentes
879 1375 1061 1448 insecutus
1078 1388 1144 1448 est.
1161 1379 1260 1447 Tunc

194 1489 247 1564 de
256 1490 514 1564 Molinensibus
529 1491 584 1588 (2)
599 1491 670 1563 lere
685 1517 729 1563 u
742 1489 1106 1589 comprehenderunt,
1123 1504 1158 1563 et
1173 1515 1259 1588 prae·

196 1603 255 1677 dis
268 1605 428 1703 undique
444 1604 601 1677 collectis
613 1605 849 1697 corroborati,
863 1621 1019 1678 castrum
1037 1604 1168 1703 Aquilae
1184 1631 1260 1677 mu·

196 1720 356 1812 nierunt,
377 1736 412 1793 et
429 1740 643 1820 perannum
661 1724 838 1817 integrum
854 1719 991 1792 fortiter
1009 1735 1213 1793 tenuerunt.

248 1837 322 1908 llex
355 1837 528 1908 Henricus
568 1839 804 1933 Rotomagum
837 1835 999 1908 celeriter
1033 1837 1130 1908 venit
1146 1865 1156 1928 3
1197 1836 1260 1908 sed

197 1946 321 2023 hostes
333 1963 374 2022 ut
389 1950 550 2022 audierat
562 1949 612 2021 ibi
626 1974 701 2022 non
714 1950 864 2039 invenit,
881 1949 1052 2049 deceptus
1068 1975 1088 2021 a
1105 1975 1259 2022 camera·

197 2066 255 2139 rio
270 2090 350 2157 sno,
366 2067 428 2163 qui
439 2066 485 2139 de
496 2066 621 2163 Aquila
633 2065 735 2139 illum
747 2065 938 2138 reduxerit.
955 2068 1123 2164 Magnum
1137 2067 1259 2162 utique

196 2178 270 2255 illis
285 2182 348 2279 qui
360 2181 427 2254 sub
444 2181 524 2253 dno
542 2182 672 2278 frigore
690 2197 725 2254 et
745 2196 901 2253 tremore
922 2181 1255 2271 contremiscebant,

197 2294 404 2394 affragium
426 2295 595 2386 contulit,
617 2296 723 2385 dum,
752 2295 819 2368 elia
846 2297 1034 2369 occasione
1059 2296 1147 2369 salso
1172 2321 1257 2395 pro·

198 2424 312 2502 tenea,
334 2436 454 2509 regem
470 2412 599 2483 frustra
614 2436 698 2483 cum
715 2412 842 2483 turmis
859 2412 932 2483 suis
949 2411 1117 2510 abegerit.

246 2531 291 2599 V.
310 2528 448 2601 Deinde
461 2553 523 2600 rex
536 2553 619 2601 cum
632 2529 727 2602 mille
743 2528 912 2602 militibus
928 2545 1054 2602 contra
1067 2534 1254 2628 Hugonem

195 2639 236 2715 in
255 2644 399 2716 Braium
417 2642 682 2742 expeditionem
703 2645 801 2735 lecit,
825 2660 861 2717 et
877 2644 1061 2717 castellum
1077 2646 1254 2742 Hngonis,

196 2757 467 2855 quodrirmitas
476 2773 625 2831 vocatur
632 2759 702 2854 (3),
712 2783 914 2857 expugnare
923 2760 1042 2857 coepit.
1052 2760 1121 2832 Sed
1129 2760 1256 2858 pluviae

198 2871 291 2945 mira
306 2897 391 2945 mox
404 2872 591 2945 inundatio
605 2873 733 2970 erupit.
751 2873 927 2969 Denique,
943 2874 1127 2971 provincia
1140 2874 1258 2946 lundi-

198 3000 256 3059 tus
268 2985 462 3079 devastata,
480 2988 635 3077 recessit,
651 3002 686 3058 et
703 2986 787 3059 inde
802 3003 926 3060 contra
944 2987 1178 3080 Rodbertum,
1194 2993 1256 3088 qui

197 3101 442 3194 rebellaverat,
459 3108 598 3175 Novum
613 3108 766 3202 burgum
780 3103 836 3201 (lt)
847 3104 1004 3202 expetiit,
1019 3104 1253 3203 impugnavit,

197 3371 262 3446 plns
272 3372 383 3447 tlotgnt
394 3373 430 3429 de
443 3372 550 3448 laigle,
568 3376 639 3429 mais
656 3374 733 3448 place
748 3391 795 3430 sur
811 3392 849 3430 un
866 3373 954 3447 grand
967 3373 1079 3429 chemin
1093 3375 1143 3448 qui
1154 3393 1173 3448 y
1186 3393 1255 3431 oon·

197 3458 302 3517 doluit
312 3458 348 3516 de
360 3459 460 3515 Rauen
474 3480 524 3534 par
536 3460 645 3517 Bernai.

231 3551 274 3621 (l)
294 3551 329 3604 la
344 3560 495 3623 montagne
511 3549 782 3606 Salute-catherine.
795 3577 832 3592 -
845 3548 982 3622 L'abbnye
993 3547 1029 3604 de
1040 3548 1066 3603 la
1079 3549 1242 3606 Trinitedu

233 3725 283 3784 On
294 3727 400 3782 nevolt
412 3746 460 3799 pas
471 3737 535 3801 trop
545 3746 580 3782 en
592 3726 742 3800 qnoicette
753 3725 907 3797 entreprise
919 3741 968 3780 sur
978 3724 1004 3780 la
1016 3725 1081 3782 ville
1091 3725 1128 3781 de
1140 3725 1253 3794 Rauen,

198 3813 237 3870 dn
245 3813 309 3870 etit
320 3814 356 3869 de
366 3815 494 3886 l’orient,
506 3815 618 3887 pouvait
629 3813 777 3869 interesser
787 3812 1044 3886 particulierement
1054 3815 1095 3871 les
1106 3814 1254 3880 Cauchoir,

199 3900 269 3959 daut
280 3902 335 3959 elle
346 3920 382 3958 ne
393 3903 619 3977 compromettait
632 3901 786 3957 nullement
798 3902 823 3958 le
836 3903 987 3958 territoire.

231 3989 273 4063 (ἱ)
291 3992 343 4047 Les
354 3990 495 4047 habitante
507 3991 541 4044 de
555 3988 848 4047 Moulinalrlllarche.

232 4080 273 4152 (3)
290 4080 328 4135 In
342 4079 424 4135 Ferte
436 4098 471 4135 en
486 4079 562 4146 Brai,
578 4097 626 4133 sur
639 4096 678 4133 un
691 4077 829 4134 mamelon
843 4079 910 4134 isole
924 4080 987 4152 pres
999 4079 1113 4151 Forges.

234 4168 272 4239 (l)
284 4168 321 4223 ln
332 4178 405 4223 terre
415 4167 453 4222 du
466 4166 618 4240 Neubourg
629 4167 696 4222 uait
705 4185 760 4222 unc
769 4168 910 4223 extensior
920 4166 955 4222 de
964 4166 1116 4222 l'immense
1127 4165 1255 4226 domnine
