2888 4934
199 451 260 516 os
468 447 650 512 ursmnn
674 448 980 515 nectusnsrrcs.
1141 453 1249 532 [nau

195 590 360 672 manaim
375 583 540 657 schum.
558 587 687 657 Sctutic
697 609 754 656 me
764 583 899 657 oute
912 589 1072 659 Guarino
1086 583 1207 657 abbati
1218 598 1251 656 ct

192 699 585 776 conessuseaobaeum
593 703 721 772 Sancti
727 700 880 795 Ebrulfi.
894 705 942 774 Et
953 700 1029 774 volo
1038 701 1250 798 etpraocrpeo

184 819 346 910 firmiter
372 831 411 888 ut
435 816 521 888 benc
543 831 580 887 et
604 818 643 887 in
665 841 759 914 poce
789 832 827 888 et
853 818 970 916 quiete
993 833 1033 888 et
1055 814 1276 923 honorifice*

192 949 325 1019 uacat,
353 956 434 1004 cum
457 931 612 1009 ecclesiis
631 947 668 1003 et
685 929 831 1005 dcem
850 948 889 1004 et
912 935 1020 1004 terris
1043 948 1084 1002 et
1107 955 1251 1002 nemore

190 1063 227 1119 et
239 1047 354 1145 plano
372 1062 409 1118 et
426 1044 585 1118 omnebus·
601 1045 706 1118 rebus·
718 1048 815 1134 surb,
833 1050 926 1120 aiom
939 1068 1100 1146 uriquam
1120 1044 1251 1143 alc'qta't

190 1179 452 1238 anoeoessorum
473 1186 618 1234 suorum
641 1162 768 1234 nreh'us
788 1177 824 1234 et
848 1164 1000 1262 qtu'etiuc
1020 1177 1057 1233 et
1075 1159 1250 1252 borrorr'fi·

189 1278 325 1349 ceruus
336 1278 460 1348 amat.
480 1277 636 1350 Tertibus
653 1281 829 1364 ibrstino,
844 1278 1108 1376 archiepiscopo
1115 1274 1250 1347 Eburu-

189 1395 302 1480 censi,
321 1408 361 1465 et
374 1391 565 1465 Guillclmo
582 1390 625 1462 de
645 1390 922 1479 Tarrcardt'villu,
943 1408 980 1464 et
997 1390 1194 1466 Guillelmo
1208 1389 1251 1460 dc

190 1507 393 1580 albinneio.
410 1505 522 1605 Apud
532 1507 742 1581 Eboracum.

237 1623 416 1695 Guarinus
424 1623 556 1720 itaque,
567 1623 710 1696 sublimi
718 1625 927 1697 auctoritate
937 1624 1098 1723 potentis
1105 1621 1249 1720 sceptri-

188 1739 262 1834 geri
277 1738 549 1832 corroboratus,
567 1741 604 1812 in
623 1741 878 1812 Normanniam
894 1740 1080 1827 remeavit,
1100 1736 1250 1836 quadra·

188 1855 392 1953 gesimalom
402 1855 668 1930 observantiam
674 1881 757 1930 cum
767 1856 935 1929 iratribus
942 1856 1093 1956 peregit,
1101 1855 1186 1926 etin
1195 1853 1250 1925 dio

190 1974 386 2045 Dominicae
403 1974 627 2046 ascensionis
644 1998 666 2046 a
686 1973 867 2066 iohanne,
891 1973 1062 2072 episcopo
1084 1969 1247 2059 erxodi,

189 2087 479 2160 benedictionem
500 2090 649 2188 recepit,
676 2102 712 2161 et
732 2087 862 2161 exinde
881 2088 1022 2161 labores
1047 2101 1085 2158 et
1107 2082 1249 2157 dolores

188 2203 374 2301 pastoralis
390 2227 484 2278 curae
500 2205 638 2303 perpeti
654 2204 812 2277 edidicit.
833 2208 872 2275 ln
890 2204 1012 2301 primis
1027 2202 1088 2300 pie
1105 2197 1249 2272 laudan·

187 2314 256 2390 dus
275 2331 329 2390 est
348 2319 447 2417 quod
467 2319 662 2419 venerabili
685 2319 836 2415 Rogerio
858 2320 935 2391 seni
954 2317 1161 2413 benigniter
1180 2338 1248 2386 ser·

186 2433 285 2522 vivit,
302 2434 406 2531 eique
422 2459 488 2534 per
503 2450 573 2506 tres
589 2457 716 2525 annos,
735 2433 866 2532 quibus
881 2431 1116 2532 postmodum
1131 2451 1249 2527 supcr-

187 2550 287 2640 vixit,
306 2551 342 2622 in
362 2550 512 2637 cunctis,
531 2564 571 2621 ut
586 2551 678 2647 patri
695 2549 788 2622 filius
803 2564 839 2623 et
854 2550 1022 2647 magistro
1038 2542 1246 2644 discipulus,

189 2664 458 2738 obsecundavit.
468 2668 673 2737 Mansuetus
685 2665 782 2736 enim
796 2689 904 2737 senex
917 2666 954 2736 in
966 2685 1109 2736 camera
1122 2684 1203 2747 sua,
1214 2671 1249 2729 ut

189 2778 329 2876 pridem
346 2778 496 2871 solebat,
515 2779 660 2877 psalmis
676 2793 712 2850 et
728 2778 962 2869 orationibus,
981 2777 1124 2875 piisque
1141 2772 1248 2844 collo·

191 2895 284 2991 quiis
294 2894 455 2968 vacabat.
473 2893 651 2967 ldoneum
663 2894 885 2966 sacerdotem
897 2893 965 2965 sibi
976 2889 1206 2990 capellanum
1216 2899 1249 2957 et

188 3009 496 3082 confabulatorem
511 3008 686 3101 babebat,
705 3032 815 3106 aquo
836 3010 999 3099 missam,
1019 3004 1249 3098 officiumque

188 3126 402 3197 canonicum
418 3126 456 3197 in
474 3125 631 3196 oratorio
649 3125 766 3196 Sancti
786 3124 925 3196 Martini
942 3121 996 3218 (l)
1013 3117 1199 3209 audiebat,
1217 3127 1250 3188 et

187 3262 270 3310 cum
289 3239 428 3336 quode
450 3238 606 3338 mysticis
625 3239 887 3337 scripturarum
908 3232 1174 3332 anigmatibus,
1197 3230 1249 3301 vel

188 3367 449 3449 syntagmatum
462 3354 624 3447 floribus,
643 3353 899 3450 interrogando
912 3353 968 3425 vel
982 3345 1248 3449 respondendo,

188 3468 374 3541 tractabat.
391 3476 435 3543 Et
446 3472 530 3570 quia
542 3471 686 3570 pondus
700 3471 916 3543 exteriorum
933 3491 1101 3540 cumrum
1112 3486 1253 3562 semper

189 3582 256 3654 sibi
268 3584 415 3655 noxium
427 3602 461 3657 et
473 3586 698 3686 importabile
706 3586 940 3684 judicaverat,
953 3608 1051 3655 nunc
1063 3580 1253 3653 salubriter

189 3829 244 3898 (du
256 3831 368 3903 Putre),
386 3848 474 3886 neren
487 3832 798 3909 d'Eudou·le-Dapiier,
813 3832 883 3888 dont
894 3850 931 3887 ou
943 3831 992 3901 lit,
1007 3829 1077 3885 dans
1089 3829 1115 3885 le
1129 3828 1254 3884 cariem
1313 3821 1315 3823 ¹

188 3915 299 3972 volume
306 3917 344 3972 du
358 3918 453 3986 Gallio
466 3918 639 3991 abactam,
651 3924 744 3992 iustu,
754 3921 807 3979 ool.
816 3924 885 3986 23³,
899 3937 955 3974 une
964 3916 1253 3973 chartededfflfiffl

190 4022 225 4058 en
239 4007 413 4079 Angleterre.

225 4093 266 4163 (t)
285 4095 339 4150 Sur
359 4108 402 4153 cet
422 4098 543 4154 oratoire
565 4095 601 4152 de
626 4096 841 4168 Sciat-Martin,
867 4113 948 4170 royac
971 4093 1121 4163 cidares,
1145 4103 1169 4151 t·
1192 4090 1250 4157 mr

192 4195 218 4246 p.
233 4178 278 4236 72.
