2888 4934
200 379 417 465 [troo-1107]
544 383 661 445 sinna
682 384 920 446 uunacruus.
1198 388 1258 448 ω

203 519 310 591 estin
326 514 464 606 Galliis,
485 515 583 612 quod
600 530 702 589 antea
721 518 926 589 inusitatum
944 531 1020 588 erat
1037 539 1129 612 pene
1145 518 1260 587 omni·

202 634 271 706 bus
287 631 467 704 Occiduis.

252 748 443 848 Saepesatus
460 746 567 820 heros
582 773 665 820 cum
683 750 845 848 Philippo
864 773 945 847 rege
961 749 1181 846 colloquium
1199 747 1262 820 ha·

204 864 294 956 buit,
309 879 345 936 et
356 865 613 955 Constantiam,
631 867 707 962 ejus
721 867 842 957 liliam,
861 866 927 938 sihi
940 866 1129 963 conjugem
1144 867 1262 962 requi-

206 979 295 1053 sivit.
318 978 477 1052 Tandem
496 995 579 1078 post
599 981 733 1053 Pascha
752 983 898 1053 Caruoti
918 1006 997 1054 eam
1015 980 1260 1080 desponsavit;

206 1094 335 1192 quibus
353 1093 469 1166 lldela
477 1095 655 1168 comitissa
672 1097 876 1168 convivium
894 1096 1081 1169 abundans
1096 1096 1264 1168 omnibus

207 1211 427 1308 praeparavit.
461 1209 513 1281 lbi
543 1234 603 1281 rex
630 1215 847 1283 Francorum
876 1235 959 1284 cum
987 1235 1117 1307 magna
1143 1210 1262 1282 multi·

207 1322 331 1396 tudine
349 1349 497 1396 suorum
515 1323 632 1414 alluit,
651 1340 687 1397 et
705 1325 814 1398 filiam
830 1350 950 1415 suam,
975 1350 1082 1422 quam
1101 1326 1261 1422 Hugoni,

204 1439 408 1511 lrecassino
424 1439 563 1529 comiti,
588 1440 837 1538 nescioquam
858 1441 907 1512 oh
931 1464 1024 1528 rem,
1050 1437 1261 1527 abstulerat,

208 1551 417 1625 lluamuudo
433 1555 590 1651 porrexit
600 1555 631 1651 (l
642 1555 669 1650 ).
680 1560 780 1627 Tunc
793 1555 888 1627 idem
905 1554 992 1644 dux,
1008 1556 1100 1626 inter
1114 1553 1265 1625 illustres

205 1667 421 1767 spectabilis,
444 1668 491 1741 ad
508 1670 691 1743 ecclesiam
715 1673 903 1771 processit,
923 1671 1044 1768 ibique
1065 1685 1147 1742 ante
1163 1692 1261 1740 aram

209 1783 357 1880 Virginis
376 1797 413 1855 et
429 1786 550 1856 Matris
572 1786 608 1856 iu
630 1787 814 1858 orcistram
832 1785 888 1882 (2)
906 1783 1134 1874 conscendit,
1156 1797 1194 1857 et
1209 1784 1264 1854 iu·

203 1898 300 1994 genti
309 1911 473 1989 catervae,
488 1924 567 1997 quae
577 1917 806 1992 convenerat,
820 1926 922 1973 casus
936 1926 1020 1973 suos
1032 1916 1066 1973 et
1081 1924 1137 1972 res
1150 1914 1264 1997 gestas

203 2015 401 2103 enarravit,
437 2040 562 2087 omnes
596 2030 751 2087 armatos
781 2040 901 2088 secum
935 2019 972 2088 iu
1009 2022 1264 2114 lmperatorem

203 2127 396 2200 ascendere
406 2131 641 2218 commonuit,
657 2153 699 2200 ac
711 2130 916 2228 approbatis
932 2129 1139 2228 optionibus
1155 2128 1263 2207 urbes

203 2255 238 2314 et
252 2243 388 2341 oppida
406 2243 577 2315 ditissima
595 2245 770 2341 promisit.
791 2244 895 2317 Unde
916 2244 1017 2316 multi
1034 2242 1264 2315 vehementer

205 2357 344 2431 accensi
355 2372 450 2445 sunt,
466 2372 515 2445 et,
527 2373 672 2457 accepta
679 2363 793 2431 Cruce
804 2361 964 2448 Domini,
978 2361 1100 2431 omnia
1111 2382 1174 2431 sua
1187 2357 1264 2429 reli·

205 2486 371 2568 querunt,
390 2486 424 2543 et
437 2473 538 2568 quasi
556 2473 604 2544 ad
621 2473 743 2571 epulas
757 2474 974 2563 festinantes,
993 2475 1061 2547 iter
1075 2476 1110 2544 in
1127 2478 1262 2544 lerusa·

206 2583 272 2657 lem
283 2586 523 2683 arripuerunt.
539 2585 707 2657 Radullus
720 2587 816 2658 enim
830 2587 876 2659 de
890 2592 1003 2658 Ponte
1016 2583 1261 2672 Erchenlredi,

207 2700 263 2796 qui
288 2701 562 2795 cognominatus
583 2715 636 2771 est
661 2701 790 2790 Rufus,
818 2718 853 2774 et
874 2700 1127 2788 Guasceliuus,
1157 2699 1264 2770 frater

208 2815 295 2911 ejus,
317 2816 442 2886 Simon
460 2815 505 2886 de
526 2821 637 2890 Aneto
658 2831 693 2887 et
714 2816 914 2890 Rodbertus
936 2817 982 2888 de
1008 2814 1154 2905 Manlia,
1179 2838 1261 2884 cum

211 2930 354 3028 llugone
370 2931 453 3002 Siue
468 2930 620 3019 Habere,
636 2932 854 3004 consobrino
870 2956 936 3003 suo
950 2930 1019 3027 (3),
1041 2945 1076 3002 et
1090 2929 1192 3001 multi
1205 2928 1263 3000 alii

211 3047 354 3139 profecti
371 3062 471 3136 sunt,
491 3071 648 3144 quorum
667 3048 815 3118 uomina
831 3071 972 3143 nequeo
988 3045 1190 3143 singillatim
1207 3046 1264 3117 lit·

210 3162 286 3235 teris
301 3164 493 3259 assignare.

235 3483 277 3558 (l)
297 3484 403 3556 Voycz,
417 3503 453 3539 au
465 3487 537 3558 sujet
549 3486 585 3542 de
597 3505 628 3541 ce
640 3488 775 3561 mariage,
791 3487 939 3555 ei-dessus,
952 3499 975 3544 t.
988 3489 1030 3557 ll,
1044 3508 1073 3561 p.
1088 3491 1150 3546 tte.
1164 3489 1265 3545 C'etait

189 3578 274 3634 Dour
284 3589 366 3627 cauae
378 3574 413 3627 de
424 3576 539 3646 parente
551 3575 643 3649 quale
654 3577 776 3649 premier
789 3577 911 3651 mariage
922 3576 958 3631 de
968 3576 1124 3633 Consunce
1137 3579 1208 3632 avait
1219 3581 1264 3633 ete

186 3662 287 3718 hue.
301 3661 391 3717 Notre
401 3673 527 3719 auteura
541 3666 633 3720 raison
647 3664 682 3720 de
694 3675 840 3738 rapporter
851 3668 868 3722 t
878 3665 985 3722 l’auuee
998 3669 1066 3724 ttoo
1081 3666 1120 3722 lea
1133 3685 1215 3723 uoces
1229 3666 1264 3721 de

185 3737 349 3806 Boemond
359 3770 425 3807 avec
436 3752 591 3809 Constame
603 3753 638 3808 de
652 3754 766 3809 France.

186 3913 217 3971 Ρ
241 3839 282 3912 (2)
300 3840 380 3895 Nous
400 3859 521 3914 pensum
539 3861 593 3916 que
615 3853 695 3898 notre
715 3853 815 3897 auteur
834 3855 900 3900 veut
921 3843 1013 3918 parler
1033 3847 1068 3901 ici
1088 3848 1126 3902 du
1142 3847 1211 3920 jube
1231 3845 1265 3899 dc

217 3928 318 4002 eglise.

245 4015 281 4087 (a)
304 4017 395 4072 Raoul
416 4029 445 4073 et
467 4017 608 4073 Wascelin
631 4018 665 4074 de
688 4018 925 4075 Pont·Ecbaulre
945 4021 1139 4092 (aujourd'hui
1163 4022 1265 4076 Notre·

198 4093 477 4174 Daue-dumet,
492 4107 727 4163 arrondissemeut
738 4107 773 4162 ‹le
785 4107 912 4178 Bernail5
930 4109 1027 4164 Simon
1039 4109 1141 4164 d'Anet
1151 4112 1161 4181 l
1167 4127 1265 4166 arron-
