2888 4934
189 453 297 526 [troo]
557 445 676 507 imm
696 445 883 506 necinus.
1211 449 1251 507 aa

187 595 226 654 ct
240 580 474 653 Guillelmum
490 579 637 666 Rufum,
653 593 895 677 nepotemque
916 602 1038 667 suum,
1061 593 1099 649 ut
1117 579 1252 652 dictum

188 714 263 788 est,
281 697 487 781 Ricardum,
508 696 684 795 perdidit,
705 712 741 767 et
759 694 986 767 multiformis
1003 696 1092 766 visio
1109 698 1254 793 quibus·

189 814 277 887 dam
298 812 501 886 terribiliter
524 813 708 911 apparuit,
740 810 870 908 quibus
894 827 1116 883 consecratas
1141 815 1250 905 aedes,

190 954 259 1028 pro
277 928 492 1000 educatione
510 928 663 1000 serarum
683 925 887 1014 derelictas,
910 927 1084 998 Dominus
1100 927 1168 998 sibi
1185 929 1255 1002 dis·

190 1044 326 1143 plicere
341 1043 457 1142 palam
475 1044 644 1115 ostendit.

241 1164 336 1231 xlv.
357 1163 478 1231 Mense
491 1159 601 1254 julio,
621 1159 710 1229 dum
728 1158 822 1252 regia
838 1156 958 1229 classis
975 1157 1099 1254 regalis
1115 1185 1257 1260 pompae

191 1293 368 1376 apparatu
391 1278 646 1364 instrueretur,
674 1277 792 1372 etipse
815 1277 1059 1374 pervicaciter,
1085 1279 1258 1351 immensa

192 1393 350 1492 preciosi
359 1392 491 1464 metalli
499 1393 660 1490 pondera
668 1391 1259 1492 undecumquecongerens,prope

193 1507 682 1605 accommodationem),
697 1506 888 1578 horrendae
899 1507 1054 1579 visiones
1067 1507 1112 1580 de
1125 1535 1206 1605 rege
1223 1511 1257 1580 in

194 1623 369 1695 omnobiis
388 1639 422 1695 et
442 1624 631 1722 episcopiis
653 1622 699 1694 ab
719 1623 877 1718 utrisque
893 1621 1080 1695 ordinibus
1099 1626 1154 1722 (2)
1178 1628 1260 1698 visae

195 1753 297 1827 sunt3
320 1738 417 1810 unde
438 1738 579 1837 populis
602 1737 751 1836 publicae
777 1736 1034 1838 collocutiones
1059 1741 1096 1811 in
1122 1741 1207 1812 loris
1227 1758 1261 1814 et

196 1855 379 1925 cimiteriis
395 1854 524 1951 passim
535 1852 722 1948 divulgata
739 1867 833 1922 sunt.
851 1856 971 1949 Ipsum
983 1878 1129 1951 quoque
1141 1880 1261 1954 regem

198 1969 347 2040 minime
364 1967 555 2040 latuerunt.

245 2082 405 2171 Quidam
423 2082 620 2154 monachus
637 2082 741 2154 bouae
760 2082 882 2172 lamae,
908 2082 973 2154 sed
989 2084 1148 2157 melioris
1160 2089 1259 2176 vita,

197 2202 236 2272 iu
256 2201 426 2271 coeuobio
447 2214 523 2269 erat
540 2199 658 2269 Sancti
682 2199 775 2270 Petri
796 2198 841 2270 de
857 2197 1066 2272 Gloucestra
1092 2202 1168 2296 (3),
1199 2205 1261 2299 qui

197 2315 407 2412 hujusmodi
427 2315 609 2385 somnium
625 2312 743 2385 retulit
762 2339 799 2385 se
819 2314 948 2387 vidisse
967 2316 1156 2390 invisione
1175 2344 1261 2392 noc·
1324 2331 1326 2335 '

198 2444 306 2505 tama
331 2459 339 2500 :
368 2428 557 2516 Videbam,
586 2430 724 2528 inquit,
755 2433 948 2500 Dominam
972 2436 1094 2502 lesum
1115 2436 1153 2503 in
1174 2435 1262 2505 solt'o

196 2546 338 2618 'circelm
352 2546 548 2636 sedentem,
561 2563 599 2617 et
610 2545 803 2644 gloriosam
818 2547 899 2618 coeli
912 2549 1095 2638 militiam,
1116 2555 1261 2622 Sancto·

200 2664 352 2763 runtqrtc
371 2664 515 2735 chorum
537 2667 572 2735 ei
587 2665 818 2733 assistentem.
840 2670 936 2735 Dttm
961 2691 1055 2753 vera,
1086 2670 1123 2736 in
1148 2673 1265 2739 extasi

197 2807 310 2880 supra
327 2802 384 2851 me
400 2795 539 2877 raptus,
554 2777 838 2875 obstupescerem,
852 2797 889 2851 et
898 2783 1005 2852 nimis
1018 2780 1202 2852 admirans
1215 2785 1265 2856 ad

199 2896 347 2969 insolita
362 2892 595 2979 intenderem,
610 2918 686 2963 ecce
700 2895 859 2990 quadam
869 2894 1154 2990 splendidissima
1169 2901 1262 2998 virgo

198 3009 417 3251 wc
443 3011 591 3081 Domini
612 3013 696 3079 lesa
716 3007 940 3106 procidebat,
965 3024 1004 3080 et
1026 3010 1080 3081 bis
1099 3012 1263 3108 precibus

197 3154 240 3201 su

389 3152 409 3196 r
435 3126 536 3197 illam
563 3122 760 3194 eaorabat:
753 3151 796 3191 η(
812 3126 964 3194 Domine
991 3132 1075 3197 lesa
1108 3127 1259 3217 carate,

200 3208 368 3315 Salvator
381 3243 522 3341 generis
537 3240 703 3325 humani,
716 3263 788 3335 pro
805 3263 889 3336 qao,
909 3237 1103 3335 pendens
1087 3269 1126 3313 m
1140 3270 1259 3330 cruce,

194 3362 399 3463 ptumam
419 3359 628 3456 sanguinem
646 3372 743 3427 tuum
754 3353 904 3451 fudisti,
924 3355 1113 3428 clementer
1133 3365 1265 3457 respice

194 3475 372 3573 populum
385 3491 498 3557 taam,
516 3469 763 3543 miserabiliter
775 3485 972 3568 gementem
987 3471 1147 3571 subjugo
1165 3475 1264 3546 Guil-

202 3589 312 3661 lelmt'.
334 3588 516 3661 Scelerum
530 3584 669 3675 vindex,
688 3585 913 3681 omniumque
923 3584 1074 3681 Jadesc
1047 3591 1263 3683 justissime,

202 3706 245 3778 de
264 3705 467 3791 Gaillelmo,
485 3727 625 3801 precor,
646 3699 784 3773 vindica
796 3724 865 3788 nte,
884 3698 977 3770 etde
993 3701 1153 3773 manibus
1171 3706 1267 3778 illas

203 3851 1269 3870 Ww-*Wmm

237 3926 278 3994 (l)
296 3921 346 3977 Gi.
361 3920 415 3976 int.
430 3943 436 3972 ε
452 3926 622 3990 expectaret.

238 4016 280 4076 (2)
300 4012 339 4065 te
352 4008 445 4084 clergie
458 4007 582 4081 re'gulier
595 4016 624 4060 et
636 4005 662 4060 lc
674 4005 769 4075 cierge
781 4004 908 4059 secuiier.

236 4103 278 4174 (3)
299 4099 435 4172 L’ablnye
447 4097 484 4153 de
495 4096 682 4154 Saiut-Pierre
694 4093 729 4146 de
741 4092 919 4163 Giouceater,
930 4093 1031 4148 tonde
1043 4113 1077 4148 en
1091 4099 1153 4163 tto,
1165 4114 1229 4150 sons
1241 4097 1268 4152 le

207 4182 478 4267 rigncfl’Etbclred.
