2888 4934
190 422 249 480 nos
312 470 314 475 .
443 418 630 481 Htswnln
651 419 955 481 ncccnsnssns.
1026 451 1028 454 ⁴
1142 421 1248 498 [100⁵]

188 567 314 622 strcnt.
336 555 382 620 In
401 548 509 620 barba
525 551 674 647 proliua
693 553 800 623 lu'rcis
819 549 1076 635 assimilantur,
1098 574 1249 647 quorum

185 666 389 763 petulantiae
421 643 580 735 sorclibus
601 665 801 761 fornicarii
830 683 866 737 et
894 668 1252 747 summitatatem

190 780 423 867 maculantur,
446 796 483 849 et
496 780 720 877 impudicitiae
736 780 1074 876 clstestabilisoetorc
1188 785 1252 853 stis

188 894 436 968 abominabiles
454 894 541 993 jure
560 895 784 993 judicantur.
814 903 860 967 In
878 899 1103 967 ‘nuncinento
1131 886 1251 999 antem

187 1038 369 1085 comarum
402 1011 590 1082 mulierum
624 1016 788 1110 sequaces
823 1016 1059 1096 aestimantur,
1096 1008 1252 1109 querum

188 1130 336 1201 mollitie
356 1154 380 1199 a
401 1127 496 1198 uirili
501 1126 718 1222 fortitudine
740 1128 790 1198 nd
804 1126 907 1222 nefas
921 1125 1196 1223 pertrahantur,
1218 1145 1254 1199 et

182 1245 393 1341 plerumque
419 1245 456 1312 in
480 1223 713 1312 detestabilem
739 1245 955 1339 apostasiam
982 1246 1110 1313 misere
1133 1230 1278 1313 devot'

188 1375 327 1429 runtur.
351 1357 448 1428 Prolt
469 1355 590 1427 dolor!
608 1362 698 1428 Ecce
713 1356 814 1450 felix
840 1355 1133 1427 medicamentum
1158 1356 1262 1456 quod

187 1472 344 1543 doctores
361 1470 540 1559 Ecclesiae,
566 1473 632 1569 qai
644 1471 849 1569 spirituales
870 1472 1044 1543 archiatri
1058 1488 1159 1559 suut,
1180 1498 1256 1569 pro

187 1588 301 1660 salute
316 1589 529 1673 animarum,
550 1588 717 1657 instinctu
734 1586 861 1672 diuino,
875 1585 1091 1683 jamdudum
1102 1587 1257 1684 provide

187 1707 452 1788 constituerunt,
459 1703 540 1794 filii
541 1702 766 1799 perditionis,
779 1701 831 1772 ad
835 1703 1013 1773 cumulum
1020 1703 1258 1775 suoe‘clamnia·

189 1820 305 1904 tionis,
321 1819 510 1914 instigante
520 1817 692 1904 Satltana,
708 1833 975 1913 usurpaverunt,
985 1817 1139 1915 jamque
1147 1817 1256 1916 longo

189 1961 254 2005 usu
265 1934 428 2006 violenter
440 1935 478 2003 in
490 1932 1079 2029 consuetudinempermutarcrunt.
1097 1935 1257 2004 Ronmni

188 2050 388 2141 Pontifices,
406 2047 537 2145 aliique
546 2052 731 2135 antistites,
748 2051 973 2119 temerariam
985 2052 1251 2145 ustaepatr'onem

182 2164 452 2261 prohibuerunt,
477 2179 511 2232 et
534 2166 573 2232 in
587 2162 732 2258 synodis
750 2168 823 2235 suis
843 2190 888 2234 ea
905 2167 1115 2235 auctoritate
1130 2163 1249 2237 divina

188 2278 525 2364 conrlcmnauerunt;
544 2277 609 2349 seri
626 2294 901 2393 transgressores
918 2279 1079 2351 indurati
1087 2284 1247 2378 prauita-

190 2391 278 2465 tibus
294 2392 387 2463 male
399 2391 586 2488 desipiunt,
607 2410 644 2463 ct
655 2410 791 2465 scutum
805 2395 950 2466 malitiae
963 2394 1107 2466 stimulo
1119 2413 1247 2469 sancta

182 2507 447 2608 praedicationis
463 2506 588 2578 obnim
605 2506 782 2604 objiciunt.
804 2509 939 2581 Barbas
950 2535 1034 2580 suar
1046 2509 1178 2582 radere
1190 2512 1247 2583 de·

191 2629 311 2712 uiuant,
332 2651 377 2695 ne
389 2624 460 2721 pili
469 2649 553 2693 suas
570 2626 606 2693 in
623 2624 750 2695 osculis
767 2629 901 2696 amicas
911 2628 1055 2721 praecisi
1060 2644 1243 2725 pungant,

188 2759 225 2812 et
238 2743 345 2814 setosi
358 2743 575 2809 Sarracenos
591 2743 703 2838 magis
721 2767 760 2811 se
778 2766 885 2837 quam
905 2740 1125 2812 Cltrirttanos
1140 2744 1247 2812 stunt·

189 2859 278 2930 lant.
301 2863 390 2928 Ecce
404 2855 605 2954 squalorem
617 2857 830 2950 penitentiae
843 2869 1087 2925 converterunt
1100 2857 1248 2935 inexer*

188 2976 307 3042 citium
317 2971 465 3042 luxuriae
472 2967 484 3037 l
497 2970 698 3038 Pcrut'caccs
709 2995 834 3065 nempe
837 2967 917 3059 fila·
926 2967 1045 3038 Belial
1054 2972 1176 3065 capita
1186 2995 1248 3040 sua

189 3089 296 3156 comis
313 3085 500 3157 mulierum
518 3101 674 3170 comunt,
697 3099 734 3154 ct
751 3087 788 3153 in
805 3085 1006 3154 summitate
1014 3137 1016 3139 .
1019 3084 1153 3180 pedum
1171 3111 1248 3156 suo·

190 3202 407 3274 rumcaudns
417 3204 640 3297 scorpionum
651 3215 789 3299 gerunt,
803 3200 925 3298 quibus
936 3225 974 3270 se
981 3226 1051 3297 per
1058 3200 1247 3272 molliciem

178 3324 368 3415 jemineos,
381 3335 415 3389 et
422 3345 491 3415 per
502 3318 744 3414 aculeosnepae
754 3318 785 3412 (l
796 3318 1037 3413 >serpentinos
1045 3316 1246 3388 ostendunt.

190 3441 265 3505 Hoc
287 3459 396 3532 genus
418 3434 598 3502 hominum
620 3435 658 3502 in
681 3434 794 3529 specte
820 3431 1033 3502 locustarum
1054 3435 1250 3526 Symmista

188 3551 366 3621 loliannes
381 3566 464 3619 aute
480 3549 577 3619 mille
588 3575 701 3620 annos
712 3551 909 3646 prospexit,
930 3545 1017 3620 etin
1030 3539 1253 3647 Apocalypsi

188 3693 264 3751 sua,
280 3691 386 3763 quarn
396 3668 433 3735 in
445 3664 693 3762 pastinatum)
703 3666 820 3735 insula
831 3663 951 3750 edidit,
966 3664 1251 3736 euidenternobis
1279 3727 1283 3732 .

223 3889 261 3959 (i)
276 3887 353 3941 Nous
365 3895 579 3939 rencontrerans
589 3904 690 3938 encore
704 3905 734 3939 cc
751 3896 822 3951 mot,
842 3884 979 3956 d’origine
995 3884 1142 3951 africanae,
1158 3888 1250 3960 etqui

188 3977 296 4048 signific
312 3999 317 4027 ς
333 3993 370 4027 un
384 3973 522 4044 scorpion.

223 4066 261 4133 (2)
279 4064 343 4118 Ceci
355 4073 396 4115 cst
411 4079 512 4114 encore
530 4079 567 4113 un
580 4059 704 4131 exemplo
719 4059 754 4113 de
771 4060 795 4113 la
812 4061 995 4114 substitution
1013 4060 1050 4115 du
1069 4062 1100 4116 lli
1116 4060 1251 4118 sifflant‘a

189 4154 234 4216 i's,
250 4173 303 4226 quc
316 4170 385 4206 nous
397 4168 481 4204 avons
494 4149 554 4220 dcj'n
566 4147 685 4220 signaiie
697 4148 844 4217 ci-dessuS,
860 4168 887 4221 p.
901 4155 945 4206 33.
