2888 4934
205 438 312 518 [nas]
526 438 644 501 unua
665 435 931 501 nnooucmus.
1196 443 1252 510 ⁴51

203 570 336 644 damna
362 572 495 669 rapinis
521 586 557 643 et
587 572 758 646 incendiis
785 570 980 649 fautoribus
1008 577 1099 672 regis
1128 577 1255 650 insere·

201 685 301 759 baut.

251 806 420 874 XXXVII.
442 808 521 901 lpsa
540 804 598 875 die
617 830 689 902 qua
706 804 890 903 praelatum
907 818 1062 877 castrum
1078 806 1259 880 redditum

201 931 272 1010 est,
298 918 395 989 triste
416 918 514 991 nefas
533 917 616 990 alibi
637 934 755 991 actum
780 920 853 1016 regi
870 918 1018 990 relatum
1039 934 1103 991 est.
1123 921 1258 994 uerticis

201 1034 298 1103 enim
313 1033 402 1105 dum
418 1033 533 1126 idem,
553 1049 592 1105 ut
611 1033 746 1106 dictum
765 1047 834 1125 est,
856 1033 1151 1132 occupationibus
1165 1036 1260 1109 circa

202 1150 355 1222 Rizelam
367 1151 420 1247 (t)
437 1150 664 1242 detineretur,
679 1153 904 1251 perjurorum
916 1152 1011 1224 fraus
1024 1153 1117 1224 circa
1133 1158 1261 1251 Eptam

199 1258 447 1361 hujuscemodi
463 1266 652 1340 factionem
668 1267 951 1340 machinabatur.
970 1267 1156 1359 Placitum,
1174 1269 1260 1343 seria
1361 1323 1366 1333 -

199 1381 370 1471 secunda,
390 1383 535 1480 quando
552 1398 728 1457 mercatus
744 1385 857 1482 agitur
869 1384 935 1482 (2),
955 1399 1124 1457 statutum
1141 1385 1207 1457 luit
1221 1387 1258 1458 in

199 1497 312 1570 domo
320 1501 450 1594 Pagani
458 1499 504 1571 de
512 1500 675 1594 Gisortis,
688 1501 734 1573 ad
744 1500 845 1598 quod
852 1501 1018 1572 invitatus
1029 1501 1094 1573 fuit
1104 1501 1260 1573 Rodber·

198 1624 256 1683 tus
272 1611 316 1684 de
329 1614 471 1686 Candos
484 1615 556 1711 (3),
572 1618 696 1689 munio
708 1617 795 1714 regii
806 1615 1005 1713 dangionis,
1020 1631 1061 1687 nt
1072 1640 1095 1687 a
1106 1616 1260 1689 siccariis

197 1725 333 1799 ibidem
350 1727 591 1802 fraudulenter
608 1732 752 1804 armatis
772 1745 918 1829 repente
939 1731 1085 1802 inermis
1103 1731 1257 1836 obtrun-

197 1854 357 1932 caretur,
388 1843 633 1942 oppidumque
665 1846 828 1942 protinus
855 1869 878 1916 a
911 1843 1104 1916 latentibus
1136 1843 1259 1935 cuneis

197 1967 313 2027 totum
340 1959 498 2056 undique
523 1960 761 2033 invaderetur.
791 1964 870 2059 lpsa
895 1984 981 2032 vero
1006 1960 1081 2053 die,
1110 1959 1256 2048 militen,

196 2073 310 2144 turbis
334 2077 546 2147 rusticorum
565 2091 601 2149 et
624 2077 837 2149 seminarum
857 2077 903 2149 de
924 2077 1258 2179 circumjacentibus

197 2185 322 2259 viculis
341 2189 389 2261 ad
410 2189 528 2262 lorum
550 2192 819 2289 properantium
835 2192 953 2283 mixti,
975 2190 1131 2287 burgum
1144 2191 1257 2264 libere

196 2301 435 2396 intraverunt,
462 2321 542 2379 eta
567 2306 823 2402 burgensibus,
849 2307 982 2405 quibus
1003 2308 1146 2406 plurimi
1170 2309 1257 2380 olim

194 2421 417 2512 nouerant,
448 2423 485 2494 in
514 2447 640 2495 eorum
669 2423 838 2496 domibus
865 2423 1071 2524 simpliciter
1099 2424 1255 2522 hospitio

193 2539 347 2634 suseepti
373 2553 474 2629 sunt,
502 2542 629 2637 suique
657 2539 886 2612 multitudine
910 2540 1030 2611 villam
1056 2562 1186 2634 magna
1211 2561 1256 2609 ex

193 2665 294 2747 parte
311 2652 559 2750 impleverunt.
578 2654 756 2743 Tandem,
776 2654 868 2725 hora
884 2651 1117 2752 proditionis,
1140 2651 1255 2723 crebri

192 2767 316 2836 nuncii
345 2767 564 2839 Rodbertum
589 2767 869 2839 commonebant
892 2781 934 2837 nt
961 2766 1160 2856 festinaret,
1191 2767 1255 2838 sed

192 2878 357 2972 religiosa
368 2879 508 2973 Ysabel,
525 2906 614 2952 uxor
630 2882 720 2977 ejus,
735 2882 800 2953 diu
817 2880 983 2974 detinuit,
994 2896 1040 2953 ut
1052 2881 1098 2954 de
1111 2881 1253 2954 domes·

191 2993 270 3065 tieis
291 2993 397 3068 rebus
418 3011 594 3070 tractaret.
619 3001 697 3070 Hoc
717 2999 888 3070 nimirum
913 3012 1003 3070 nutu
1028 2999 1095 3071 Dei
1120 2997 1253 3069 lactum

226 3282 266 3352 (t)
285 3282 320 3335 La
335 3283 434 3338 rivilre
446 3282 481 3338 de
493 3282 579 3339 fliete.

225 3371 264 3440 (Ξ)
282 3370 356 3426 C'est
365 3389 466 3427 encore
476 3370 502 3427 le
514 3371 595 3427 lnndi
608 3389 663 3446 que
675 3389 703 3426 se
716 3372 788 3427 tient
801 3370 829 3426 ls
839 3372 953 3426 marche
965 3370 1000 3427 de
1012 3372 1119 3428 Gisors.

224 3456 264 3527 (3)
281 3458 321 3512 Ce
343 3478 515 3533 personnage
535 3460 617 3528 etait,
639 3477 689 3532 par
709 3478 738 3514 sa
758 3458 861 3514 femme
882 3458 1012 3529 isabelle,
1033 3459 1193 3514 beau-frere
1213 3459 1249 3514 de

189 3542 309 3598 Gautier
324 3546 447 3615 Giffard,
469 3548 611 3602 troisieme
628 3545 666 3599 dn
686 3564 751 3600 nom
760 3587 767 3613 ,
790 3554 881 3599 comte
899 3544 934 3600 de
951 3545 1153 3620 Buclingham.
1171 3545 1249 3601 Nous

189 3652 225 3688 ne
239 3633 360 3690 doutons
375 3639 454 3708 point
468 3656 522 3711 que
535 3647 607 3692 cette
625 3635 729 3690 tamilte
746 3653 781 3689 ne
798 3634 842 3690 tut
861 3635 1013 3709 originaire
1029 3636 1096 3691 d’un
1114 3635 1164 3690 fies
1176 3636 1248 3689 sitne

189 3741 223 3777 an
232 3725 313 3796 point
323 3726 358 3780 de
366 3727 494 3797 junction
506 3727 554 3781 des
565 3744 727 3780 communes
735 3725 771 3780 de
784 3724 909 3793 Catelon,
923 3725 1037 3782 llleville
1048 3737 1076 3780 ot
1086 3726 1246 3781 Flaucourt.

188 3812 225 3865 Ln
241 3813 346 3867 familie
361 3813 470 3868 Candor
488 3832 525 3868 ou
541 3813 672 3868 Chandos
688 3833 703 3867 a
721 3813 839 3868 subsiste'
852 3813 976 3886 pendant
996 3815 1133 3888 plusieurs
1152 3811 1247 3867 sidulas

187 3917 223 3953 en
235 3900 414 3973 Angleterre,
431 3903 467 3955 od
480 3919 522 3955 ses
536 3901 613 3955 chels
625 3902 729 3956 etaient
740 3901 841 3955 barone
856 3901 895 3976 by
910 3912 1016 3958 tenure.
1033 3902 1079 3958 On
1091 3920 1109 3972 y
1123 3897 1246 3954 rattache

171 3986 278 4061 *meme
294 3987 321 4041 le
337 3987 447 4042 famens
461 3990 529 4043 Jean
545 3988 690 4058 Chandos,
710 3990 779 4044 mais
792 4007 858 4044 avec
875 3991 965 4045 moins
984 3989 1018 4042 de
1033 3986 1180 4042 certitudo.
1196 3987 1246 4040 Les

187 4073 256 4130 dues
276 4074 318 4130 de'
330 4078 521 4149 Buckinglrarn
543 4087 656 4150 portent
674 4096 774 4133 encore
794 4078 819 4133 le
832 4080 900 4135 titre
918 4078 953 4132 de
970 4077 1037 4131 duce
1050 4076 1085 4129 de
1102 4074 1243 4147 Chandos.

188 4161 385 4236 L'e'tymologie
397 4165 431 4219 de
443 4183 475 4220 ce
487 4183 553 4220 nom
566 4175 608 4220 est
623 4166 721 4239 Campi
731 4166 861 4222 Dorsum.
