<?xml version="1.0" encoding="UTF-8"?>
<!DOCTYPE html PUBLIC "-//W3C//DTD XHTML 1.0 Transitional//EN"
    "http://www.w3.org/TR/xhtml1/DTD/xhtml1-transitional.dtd">
<html xmlns="http://www.w3.org/1999/xhtml" xml:lang="en" lang="en">
 <head>
  <title>
</title>
<meta http-equiv="Content-Type" content="text/html;charset=utf-8" />
  <meta name='ocr-system' content='tesseract 3.04.00' />
  <meta name='ocr-capabilities' content='ocr_page ocr_carea ocr_par ocr_line ocrx_word'/>
</head>
<body>
  <div class='ocr_page' id='page_1' title='image "./ordericivitalis07deligoog/ordericivitalis07deligoog_0505.png"; bbox 0 0 3190 5064; ppageno 0'>
   <div class='ocr_carea' id='block_1_1' title="bbox 306 492 1369 724">
    <p class='ocr_par' dir='ltr' id='par_1_1' title="bbox 306 492 1369 724">
     <span class='ocr_line' id='line_1_1' title="bbox 306 492 1083 562; baseline 0.001 -5"><span class='ocrx_word' id='word_1_1' title='bbox 306 496 365 562; x_wconf 75' lang='lat'><em>492</em></span> <span class='ocrx_word' id='word_1_2' title='bbox 576 492 766 556; x_wconf 74' lang='lat' dir='ltr'>HISTORIA.</span> <span class='ocrx_word' id='word_1_3' title='bbox 781 493 1083 558; x_wconf 77' lang='lat' dir='ltr'><em>EecuEslnsthA.</em></span> 
     </span>
     <span class='ocr_line' id='line_1_2' title="bbox 306 625 1369 724; baseline 0.006 -26"><span class='ocrx_word' id='word_1_4' title='bbox 306 625 512 700; x_wconf 77' lang='lat' dir='ltr'><em>lateralibus</em></span> <span class='ocrx_word' id='word_1_5' title='bbox 548 629 757 724; x_wconf 81' lang='lat' dir='ltr'><em>sanguinem</em></span> <span class='ocrx_word' id='word_1_6' title='bbox 795 625 981 723; x_wconf 77' lang='lat' dir='ltr'><em>essrmdere</em></span> <span class='ocrx_word' id='word_1_7' title='bbox 1020 628 1165 702; x_wconf 76' lang='lat' dir='ltr'><em>vacabit.</em></span> <span class='ocrx_word' id='word_1_8' title='bbox 1214 631 1369 704; x_wconf 76' lang='lat' dir='ltr'><em>Dabitur</em></span> 
     </span>
    </p>
   </div>
   <div class='ocr_carea' id='block_1_2' title="bbox 299 739 1365 1305">
    <p class='ocr_par' dir='ltr' id='par_1_2' title="bbox 299 739 1365 1305">
     <span class='ocr_line' id='line_1_3' title="bbox 306 739 1364 841; baseline 0.004 -27"><span class='ocrx_word' id='word_1_9' title='bbox 306 743 471 814; x_wconf 82' lang='lat' dir='ltr'><em>ntacillis.</em></span> <span class='ocrx_word' id='word_1_10' title='bbox 480 742 558 839; x_wconf 82' lang='lat' dir='ltr'><em>ejus</em></span> <span class='ocrx_word' id='word_1_11' title='bbox 562 739 727 838; x_wconf 87' lang='lat' dir='ltr'><em>frenum,</em></span> <span class='ocrx_word' id='word_1_12' title='bbox 750 740 845 841; x_wconf 86' lang='lat' dir='ltr'><em>quod</em></span> <span class='ocrx_word' id='word_1_13' title='bbox 859 744 897 813; x_wconf 95' lang='lat' dir='ltr'><em>in</em></span> <span class='ocrx_word' id='word_1_14' title='bbox 914 746 1101 820; x_wconf 83' lang='lat' dir='ltr'><em>Armorica</em></span> <span class='ocrx_word' id='word_1_15' title='bbox 1114 744 1364 840; x_wconf 82' lang='lat' dir='ltr'><em>sinusobrien·</em></span> 
     </span>
     <span class='ocr_line' id='line_1_4' title="bbox 305 836 1363 958; baseline 0.006 -28"><span class='ocrx_word' id='word_1_16' title='bbox 305 859 412 930; x_wconf 85' lang='lat' dir='ltr'><em>bitur.</em></span> <span class='ocrx_word' id='word_1_17' title='bbox 432 836 630 928; x_wconf 64' lang='lat' dir='ltr'><em>&#39;lteuurabit</em></span> <span class='ocrx_word' id='word_1_18' title='bbox 653 856 745 929; x_wconf 87' lang='lat' dir='ltr'><em>illud</em></span> <span class='ocrx_word' id='word_1_19' title='bbox 757 858 881 956; x_wconf 84' lang='lat' dir='ltr'><em>aquila</em></span> <span class='ocrx_word' id='word_1_20' title='bbox 901 857 1176 958; x_wconf 75' lang='lat' dir='ltr'><em>ruptifoederit,</em></span> <span class='ocrx_word' id='word_1_21' title='bbox 1186 911 1189 918; x_wconf 79' lang='lat'><em>,</em></span> <span class='ocrx_word' id='word_1_22' title='bbox 1201 878 1238 932; x_wconf 95' lang='lat' dir='ltr'><em>et</em></span> <span class='ocrx_word' id='word_1_23' title='bbox 1253 867 1363 936; x_wconf 88' lang='lat' dir='ltr'><em>tercia</em></span> 
     </span>
     <span class='ocr_line' id='line_1_5' title="bbox 306 971 1365 1076; baseline 0.004 -30"><span class='ocrx_word' id='word_1_24' title='bbox 306 974 544 1067; x_wconf 75' lang='lat' dir='ltr'><em>nidificatione</em></span> <span class='ocrx_word' id='word_1_25' title='bbox 559 971 734 1072; x_wconf 78' lang='lat' dir='ltr'><em>gattdebit.</em></span> <span class='ocrx_word' id='word_1_26' title='bbox 759 973 983 1073; x_wconf 80' lang='lat' dir='ltr'><em>Evt&#39;gilabunt</em></span> <span class='ocrx_word' id='word_1_27' title='bbox 1003 979 1157 1076; x_wconf 63' lang='lat' dir='ltr'><em>regentis</em></span> <span class='ocrx_word' id='word_1_28' title='bbox 1177 976 1303 1064; x_wconf 81' lang='lat' dir='ltr'><em>catuli,</em></span> <span class='ocrx_word' id='word_1_29' title='bbox 1327 995 1365 1050; x_wconf 85' lang='lat' dir='ltr'><em>et</em></span> 
     </span>
     <span class='ocr_line' id='line_1_6' title="bbox 299 1087 1363 1187; baseline 0.006 -29"><span class='ocrx_word' id='word_1_30' title='bbox 299 1090 503 1187; x_wconf 70' lang='lat' dir='ltr'><em>postpositis</em></span> <span class='ocrx_word' id='word_1_31' title='bbox 517 1087 717 1160; x_wconf 77' lang='lat' dir='ltr'><em>nemoribus</em></span> <span class='ocrx_word' id='word_1_32' title='bbox 732 1087 832 1186; x_wconf 78' lang='lat' dir='ltr'><em>infra</em></span> <span class='ocrx_word' id='word_1_33' title='bbox 841 1095 976 1164; x_wconf 78' lang='lat' dir='ltr'><em>manta</em></span> <span class='ocrx_word' id='word_1_34' title='bbox 992 1093 1173 1163; x_wconf 77' lang='lat' dir='ltr'><em>ciritamm</em></span> <span class='ocrx_word' id='word_1_35' title='bbox 1190 1091 1363 1164; x_wconf 82' lang='lat' dir='ltr'><em>venabun-</em></span> 
     </span>
     <span class='ocr_line' id='line_1_7' title="bbox 304 1205 1364 1305; baseline 0.006 -29"><span class='ocrx_word' id='word_1_36' title='bbox 304 1221 373 1276; x_wconf 86' lang='lat' dir='ltr'><em>tur.</em></span> <span class='ocrx_word' id='word_1_37' title='bbox 394 1207 558 1303; x_wconf 76' lang='lat' dir='ltr'><em>Stragcm</em></span> <span class='ocrx_word' id='word_1_38' title='bbox 575 1229 648 1275; x_wconf 90' lang='lat' dir='ltr'><em>non</em></span> <span class='ocrx_word' id='word_1_39' title='bbox 665 1207 852 1277; x_wconf 88' lang='lat' dir='ltr'><em>minimam</em></span> <span class='ocrx_word' id='word_1_40' title='bbox 864 1233 912 1280; x_wconf 78' lang='lat' dir='ltr'><em>eu</em></span> <span class='ocrx_word' id='word_1_41' title='bbox 926 1205 1143 1300; x_wconf 79' lang='lat' dir='ltr'><em>obstantibus</em></span> <span class='ocrx_word' id='word_1_42' title='bbox 1148 1206 1306 1305; x_wconf 74' lang='lat' dir='ltr'><em>sacrent,</em></span> <span class='ocrx_word' id='word_1_43' title='bbox 1328 1228 1364 1284; x_wconf 86' lang='lat' dir='ltr'><em>et</em></span> 
     </span>
    </p>
   </div>
   <div class='ocr_carea' id='block_1_3' title="bbox 300 1319 1543 1536">
    <p class='ocr_par' dir='ltr' id='par_1_3' title="bbox 300 1319 1543 1536">
     <span class='ocr_line' id='line_1_8' title="bbox 302 1319 1433 1422; baseline 0.005 -32"><span class='ocrx_word' id='word_1_44' title='bbox 302 1320 647 1420; x_wconf 75' lang='lat' dir='ltr'><em>linguastaurorum</em></span> <span class='ocrx_word' id='word_1_45' title='bbox 670 1319 860 1394; x_wconf 79' lang='lat' dir='ltr'><em>abscident.</em></span> <span class='ocrx_word' id='word_1_46' title='bbox 884 1322 986 1396; x_wconf 87' lang='lat' dir='ltr'><em>Colla</em></span> <span class='ocrx_word' id='word_1_47' title='bbox 1005 1325 1362 1422; x_wconf 69' lang='lat' dir='ltr'><em>rugienttiimonerm</em></span> <span class='ocrx_word' id='word_1_48' title='bbox 1428 1343 1433 1352; x_wconf 88' lang='lat'>·</span> 
     </span>
     <span class='ocr_line' id='line_1_9' title="bbox 300 1435 1543 1536; baseline 0.005 -30"><span class='ocrx_word' id='word_1_49' title='bbox 300 1435 550 1524; x_wconf 72' lang='lat' dir='ltr'><em>buntcatenir,</em></span> <span class='ocrx_word' id='word_1_50' title='bbox 572 1452 609 1507; x_wconf 90' lang='lat' dir='ltr'><em>et</em></span> <span class='ocrx_word' id='word_1_51' title='bbox 626 1439 721 1509; x_wconf 77' lang='lat' dir='ltr'><em>avita</em></span> <span class='ocrx_word' id='word_1_52' title='bbox 739 1455 899 1536; x_wconf 88' lang='lat' dir='ltr'><em>tempora</em></span> <span class='ocrx_word' id='word_1_53' title='bbox 915 1437 1142 1510; x_wconf 83' lang='lat' dir='ltr'><em>renovabunt.</em></span> <span class='ocrx_word' id='word_1_54' title='bbox 1162 1438 1305 1510; x_wconf 71' lang='lat' dir='ltr'><em>Exinde</em></span> <span class='ocrx_word' id='word_1_55' title='bbox 1319 1438 1363 1512; x_wconf 86' lang='lat' dir='ltr'><em>de</em></span> <span class='ocrx_word' id='word_1_56' title='bbox 1478 1471 1495 1492; x_wconf 55' lang='lat' dir='ltr'><em>e</em></span> <span class='ocrx_word' id='word_1_57' title='bbox 1537 1507 1543 1520; x_wconf 82' lang='grc'><strong>,</strong></span> 
     </span>
    </p>
   </div>
   <div class='ocr_carea' id='block_1_4' title="bbox 294 1545 1365 2234">
    <p class='ocr_par' dir='ltr' id='par_1_4' title="bbox 294 1545 1365 2234">
     <span class='ocr_line' id='line_1_10' title="bbox 294 1545 1363 1652; baseline 0.003 -31"><span class='ocrx_word' id='word_1_58' title='bbox 294 1545 417 1648; x_wconf 85' lang='lat' dir='ltr'><em>pr&#39;imo</em></span> <span class='ocrx_word' id='word_1_59' title='bbox 434 1554 472 1622; x_wconf 90' lang='lat' dir='ltr'><em>in</em></span> <span class='ocrx_word' id='word_1_60' title='bbox 487 1568 671 1650; x_wconf 86' lang='lat' dir='ltr'><em>quartum,</em></span> <span class='ocrx_word' id='word_1_61' title='bbox 695 1552 739 1625; x_wconf 84' lang='lat' dir='ltr'><em>de</em></span> <span class='ocrx_word' id='word_1_62' title='bbox 759 1569 887 1652; x_wconf 84' lang='lat' dir='ltr'><em>quarto</em></span> <span class='ocrx_word' id='word_1_63' title='bbox 904 1554 942 1624; x_wconf 93' lang='lat' dir='ltr'><em>in</em></span> <span class='ocrx_word' id='word_1_64' title='bbox 961 1555 1118 1640; x_wconf 77' lang='lat' dir='ltr'><em>ternam,</em></span> <span class='ocrx_word' id='word_1_65' title='bbox 1140 1551 1184 1624; x_wconf 86' lang='lat' dir='ltr'><em>de</em></span> <span class='ocrx_word' id='word_1_66' title='bbox 1205 1557 1308 1624; x_wconf 91' lang='lat' dir='ltr'><em>tertio</em></span> <span class='ocrx_word' id='word_1_67' title='bbox 1324 1555 1363 1624; x_wconf 89' lang='lat' dir='ltr'><em>in</em></span> 
     </span>
     <span class='ocr_line' id='line_1_11' title="bbox 298 1663 1364 1766; baseline 0.005 -30"><span class='ocrx_word' id='word_1_68' title='bbox 298 1663 506 1753; x_wconf 77' lang='lat' dir='ltr'><em>secundam,</em></span> <span class='ocrx_word' id='word_1_69' title='bbox 529 1665 708 1739; x_wconf 87' lang='lat' dir='ltr'><em>rorabitur</em></span> <span class='ocrx_word' id='word_1_70' title='bbox 721 1667 848 1766; x_wconf 79' lang='lat' dir='ltr'><em>pollex</em></span> <span class='ocrx_word' id='word_1_71' title='bbox 868 1671 907 1739; x_wconf 92' lang='lat' dir='ltr'><em>in</em></span> <span class='ocrx_word' id='word_1_72' title='bbox 927 1667 1016 1740; x_wconf 73' lang='lat' dir='ltr'><em>ako.</em></span> <span class='ocrx_word' id='word_1_73' title='bbox 1037 1671 1169 1740; x_wconf 80' lang='lat' dir='ltr'><em>Sextus</em></span> <span class='ocrx_word' id='word_1_74' title='bbox 1183 1666 1364 1740; x_wconf 68' lang='lat' dir='ltr'><em>Hiberniae</em></span> 
     </span>
     <span class='ocr_line' id='line_1_12' title="bbox 300 1781 1361 1882; baseline 0.002 -30"><span class='ocrx_word' id='word_1_75' title='bbox 300 1785 431 1853; x_wconf 80' lang='lat' dir='ltr'><em>moenta</em></span> <span class='ocrx_word' id='word_1_76' title='bbox 456 1781 650 1871; x_wconf 85' lang='lat' dir='ltr'><em>subvertet,</em></span> <span class='ocrx_word' id='word_1_77' title='bbox 684 1801 721 1855; x_wconf 92' lang='lat' dir='ltr'><em>et</em></span> <span class='ocrx_word' id='word_1_78' title='bbox 747 1808 894 1855; x_wconf 89' lang='lat' dir='ltr'><em>nemora</em></span> <span class='ocrx_word' id='word_1_79' title='bbox 909 1785 971 1855; x_wconf 88' lang='lat' dir='ltr'><em>in.</em></span> <span class='ocrx_word' id='word_1_80' title='bbox 979 1783 1175 1882; x_wconf 76' lang='lat' dir='ltr'><em>planiciem</em></span> <span class='ocrx_word' id='word_1_81' title='bbox 1198 1782 1361 1854; x_wconf 78' lang='lat' dir='ltr'><em>mutabit.</em></span> 
     </span>
     <span class='ocr_line' id='line_1_13' title="bbox 300 1897 1363 1998; baseline 0.002 -30"><span class='ocrx_word' id='word_1_82' title='bbox 300 1901 469 1971; x_wconf 65' lang='lat' dir='ltr'><em>Diversae</em></span> <span class='ocrx_word' id='word_1_83' title='bbox 494 1901 677 1998; x_wconf 76' lang='lat' dir='ltr'><em>portiones</em></span> <span class='ocrx_word' id='word_1_84' title='bbox 701 1903 740 1971; x_wconf 91' lang='lat' dir='ltr'><em>in</em></span> <span class='ocrx_word' id='word_1_85' title='bbox 768 1925 878 1972; x_wconf 91' lang='lat' dir='ltr'><em>unum</em></span> <span class='ocrx_word' id='word_1_86' title='bbox 907 1897 1068 1985; x_wconf 80' lang='lat' dir='ltr'><em>reducet,</em></span> <span class='ocrx_word' id='word_1_87' title='bbox 1105 1901 1220 1997; x_wconf 88' lang='lat' dir='ltr'><em>capite</em></span> <span class='ocrx_word' id='word_1_88' title='bbox 1251 1897 1363 1970; x_wconf 64' lang='lat' dir='ltr'><em>leonti</em></span> 
     </span>
     <span class='ocr_line' id='line_1_14' title="bbox 299 2012 1362 2116; baseline -0.002 -30"><span class='ocrx_word' id='word_1_89' title='bbox 299 2015 536 2104; x_wconf 81' lang='lat' dir='ltr'><em>coronabitur,</em></span> <span class='ocrx_word' id='word_1_90' title='bbox 551 2019 772 2115; x_wconf 79' lang='lat' dir='ltr'><em>principium</em></span> <span class='ocrx_word' id='word_1_91' title='bbox 787 2016 866 2116; x_wconf 81' lang='lat' dir='ltr'><em>ejus</em></span> <span class='ocrx_word' id='word_1_92' title='bbox 883 2041 967 2116; x_wconf 76' lang='lat' dir='ltr'><em>vago</em></span> <span class='ocrx_word' id='word_1_93' title='bbox 982 2014 1132 2113; x_wconf 80' lang='lat' dir='ltr'><em>assecuti</em></span> <span class='ocrx_word' id='word_1_94' title='bbox 1145 2012 1344 2086; x_wconf 79' lang='lat' dir='ltr'><em>succumbet</em></span> <span class='ocrx_word' id='word_1_95' title='bbox 1349 2043 1362 2098; x_wconf 91' lang='lat'><em>;</em></span> 
     </span>
     <span class='ocr_line' id='line_1_15' title="bbox 299 2130 1365 2234; baseline -0.002 -31"><span class='ocrx_word' id='word_1_96' title='bbox 299 2131 364 2203; x_wconf 86' lang='lat' dir='ltr'><em>sed</em></span> <span class='ocrx_word' id='word_1_97' title='bbox 366 2133 460 2226; x_wconf 74' lang='lat' dir='ltr'><em>finis</em></span> <span class='ocrx_word' id='word_1_98' title='bbox 475 2136 587 2233; x_wconf 78' lang='lat' dir='ltr'><em>ipsius</em></span> <span class='ocrx_word' id='word_1_99' title='bbox 601 2133 652 2205; x_wconf 88' lang='lat' dir='ltr'><em>ad</em></span> <span class='ocrx_word' id='word_1_100' title='bbox 664 2159 811 2234; x_wconf 87' lang='lat' dir='ltr'><em>superos</em></span> <span class='ocrx_word' id='word_1_101' title='bbox 830 2131 1034 2205; x_wconf 79' lang='lat' dir='ltr'><em>convolabit.</em></span> <span class='ocrx_word' id='word_1_102' title='bbox 1055 2130 1247 2204; x_wconf 82' lang='lat' dir='ltr'><em>Rertorubit</em></span> <span class='ocrx_word' id='word_1_103' title='bbox 1263 2155 1365 2201; x_wconf 89' lang='lat' dir='ltr'><em>narn·</em></span> 
     </span>
    </p>
   </div>
   <div class='ocr_carea' id='block_1_5' title="bbox 170 2246 1363 2349">
    <p class='ocr_par' dir='ltr' id='par_1_5' title="bbox 170 2246 1363 2349">
     <span class='ocr_line' id='line_1_16' title="bbox 170 2246 1363 2349; baseline 0 -32"><span class='ocrx_word' id='word_1_104' title='bbox 170 2257 172 2260; x_wconf 81' lang='grc'><strong>’</strong></span> <span class='ocrx_word' id='word_1_105' title='bbox 299 2273 367 2345; x_wconf 84' lang='lat' dir='ltr'><em>que</em></span> <span class='ocrx_word' id='word_1_106' title='bbox 380 2246 562 2321; x_wconf 87' lang='lat' dir='ltr'><em>beatorum</em></span> <span class='ocrx_word' id='word_1_107' title='bbox 572 2249 671 2322; x_wconf 81' lang='lat' dir='ltr'><em>sedes</em></span> <span class='ocrx_word' id='word_1_108' title='bbox 678 2277 748 2349; x_wconf 89' lang='lat' dir='ltr'><em>per</em></span> <span class='ocrx_word' id='word_1_109' title='bbox 758 2251 911 2348; x_wconf 80' lang='lat' dir='ltr'><em>patrias,</em></span> <span class='ocrx_word' id='word_1_110' title='bbox 927 2264 963 2320; x_wconf 90' lang='lat' dir='ltr'><em>et</em></span> <span class='ocrx_word' id='word_1_111' title='bbox 968 2265 1132 2346; x_wconf 76' lang='lat' dir='ltr'><em>pastores</em></span> <span class='ocrx_word' id='word_1_112' title='bbox 1145 2251 1183 2318; x_wconf 94' lang='lat' dir='ltr'><em>in</em></span> <span class='ocrx_word' id='word_1_113' title='bbox 1196 2249 1363 2348; x_wconf 79' lang='lat' dir='ltr'><em>congruis</em></span> 
     </span>
    </p>
   </div>
   <div class='ocr_carea' id='block_1_6' title="bbox 295 2360 1364 3504">
    <p class='ocr_par' dir='ltr' id='par_1_6' title="bbox 295 2360 1363 3132">
     <span class='ocr_line' id='line_1_17' title="bbox 300 2360 1363 2463; baseline 0 -31"><span class='ocrx_word' id='word_1_114' title='bbox 300 2360 385 2432; x_wconf 78' lang='lat' dir='ltr'><em>lacit</em></span> <span class='ocrx_word' id='word_1_115' title='bbox 409 2363 547 2435; x_wconf 73' lang='lat' dir='ltr'><em>beabit.</em></span> <span class='ocrx_word' id='word_1_116' title='bbox 576 2372 679 2436; x_wconf 78' lang='lat' dir='ltr'><em>Duas</em></span> <span class='ocrx_word' id='word_1_117' title='bbox 703 2364 807 2437; x_wconf 83' lang='lat' dir='ltr'><em>urbes</em></span> <span class='ocrx_word' id='word_1_118' title='bbox 829 2365 953 2463; x_wconf 65' lang='lat' dir='ltr'><em>pallia</em></span> <span class='ocrx_word' id='word_1_119' title='bbox 978 2362 1114 2450; x_wconf 79' lang='lat' dir='ltr'><em>induet,</em></span> <span class='ocrx_word' id='word_1_120' title='bbox 1144 2380 1180 2434; x_wconf 91' lang='lat' dir='ltr'><em>et</em></span> <span class='ocrx_word' id='word_1_121' title='bbox 1206 2365 1363 2461; x_wconf 82' lang='lat' dir='ltr'><em>virginea</em></span> 
     </span>
     <span class='ocr_line' id='line_1_18' title="bbox 300 2476 1362 2579; baseline 0.001 -32"><span class='ocrx_word' id='word_1_122' title='bbox 300 2501 449 2548; x_wconf 88' lang='lat' dir='ltr'><em>munera</em></span> <span class='ocrx_word' id='word_1_123' title='bbox 476 2479 664 2579; x_wconf 80' lang='lat' dir='ltr'><em>virginibus</em></span> <span class='ocrx_word' id='word_1_124' title='bbox 686 2479 842 2552; x_wconf 78' lang='lat' dir='ltr'><em>donabit.</em></span> <span class='ocrx_word' id='word_1_125' title='bbox 866 2479 1131 2553; x_wconf 80' lang='lat' dir='ltr'><em>Pranurebitnr</em></span> <span class='ocrx_word' id='word_1_126' title='bbox 1156 2476 1362 2575; x_wconf 81' lang='lat' dir='ltr'><em>inde&#39;saro·</em></span> 
     </span>
     <span class='ocr_line' id='line_1_19' title="bbox 299 2591 1363 2694; baseline 0.001 -32"><span class='ocrx_word' id='word_1_127' title='bbox 299 2617 375 2663; x_wconf 89' lang='lat' dir='ltr'><em>rem</em></span> <span class='ocrx_word' id='word_1_128' title='bbox 396 2596 577 2682; x_wconf 82' lang='lat' dir='ltr'><em>Tonanu‘s,</em></span> <span class='ocrx_word' id='word_1_129' title='bbox 596 2611 633 2666; x_wconf 90' lang='lat' dir='ltr'><em>et</em></span> <span class='ocrx_word' id='word_1_130' title='bbox 651 2597 744 2668; x_wconf 90' lang='lat' dir='ltr'><em>inter</em></span> <span class='ocrx_word' id='word_1_131' title='bbox 759 2594 878 2668; x_wconf 86' lang='lat' dir='ltr'><em>beatos</em></span> <span class='ocrx_word' id='word_1_132' title='bbox 893 2594 1130 2669; x_wconf 89' lang='lat' dir='ltr'><em>coronabitur.</em></span> <span class='ocrx_word' id='word_1_133' title='bbox 1151 2591 1363 2694; x_wconf 66' lang='lat' dir='ltr'><em>Egredtetur</em></span> 
     </span>
     <span class='ocr_line' id='line_1_20' title="bbox 298 2710 1363 2811; baseline 0.002 -33"><span class='ocrx_word' id='word_1_134' title='bbox 298 2733 345 2779; x_wconf 77' lang='lat' dir='ltr'><em>ex</em></span> <span class='ocrx_word' id='word_1_135' title='bbox 366 2734 408 2781; x_wconf 85' lang='lat' dir='ltr'><em>eo</em></span> <span class='ocrx_word' id='word_1_136' title='bbox 434 2710 509 2783; x_wconf 78' lang='lat' dir='ltr'><em>lues</em></span> <span class='ocrx_word' id='word_1_137' title='bbox 530 2711 584 2808; x_wconf 81' lang='lat' dir='ltr'><em>(b)</em></span> <span class='ocrx_word' id='word_1_138' title='bbox 601 2729 799 2810; x_wconf 78' lang='lat' dir='ltr'><em>penetrans</em></span> <span class='ocrx_word' id='word_1_139' title='bbox 819 2715 956 2799; x_wconf 76' lang='lat' dir='ltr'><em>omnia,</em></span> <span class='ocrx_word' id='word_1_140' title='bbox 985 2737 1056 2811; x_wconf 86' lang='lat' dir='ltr'><em>qua</em></span> <span class='ocrx_word' id='word_1_141' title='bbox 1079 2713 1185 2784; x_wconf 89' lang='lat' dir='ltr'><em>ruina</em></span> <span class='ocrx_word' id='word_1_142' title='bbox 1204 2711 1363 2809; x_wconf 75' lang='lat' dir='ltr'><em>propriae</em></span> 
     </span>
     <span class='ocr_line' id='line_1_21' title="bbox 295 2825 1361 2926; baseline -0.001 -30"><span class='ocrx_word' id='word_1_143' title='bbox 295 2827 411 2921; x_wconf 75' lang='lat' dir='ltr'><em>gentic</em></span> <span class='ocrx_word' id='word_1_144' title='bbox 432 2827 637 2900; x_wconf 84' lang='lat' dir='ltr'><em>imminebit.</em></span> <span class='ocrx_word' id='word_1_145' title='bbox 663 2834 735 2900; x_wconf 90' lang='lat' dir='ltr'><em>Per</em></span> <span class='ocrx_word' id='word_1_146' title='bbox 760 2828 862 2901; x_wconf 91' lang='lat' dir='ltr'><em>illam</em></span> <span class='ocrx_word' id='word_1_147' title='bbox 882 2833 979 2901; x_wconf 89' lang='lat' dir='ltr'><em>enim</em></span> <span class='ocrx_word' id='word_1_148' title='bbox 1000 2843 1186 2926; x_wconf 87' lang='lat' dir='ltr'><em>utramque</em></span> <span class='ocrx_word' id='word_1_149' title='bbox 1207 2825 1361 2896; x_wconf 66' lang='lat' dir='ltr'><em>insulam</em></span> 
     </span>
     <span class='ocr_line' id='line_1_22' title="bbox 298 2939 1358 3044; baseline -0.001 -33"><span class='ocrx_word' id='word_1_150' title='bbox 298 2944 439 3013; x_wconf 86' lang='lat' dir='ltr'><em>amittet</em></span> <span class='ocrx_word' id='word_1_151' title='bbox 466 2947 652 3031; x_wconf 78' lang='lat' dir='ltr'><em>Naustria,</em></span> <span class='ocrx_word' id='word_1_152' title='bbox 685 2962 721 3016; x_wconf 92' lang='lat' dir='ltr'><em>et</em></span> <span class='ocrx_word' id='word_1_153' title='bbox 744 2947 904 3042; x_wconf 80' lang='lat' dir='ltr'><em>pristina</em></span> <span class='ocrx_word' id='word_1_154' title='bbox 934 2943 1105 3044; x_wconf 77' lang='lat' dir='ltr'><em>dignitate</em></span> <span class='ocrx_word' id='word_1_155' title='bbox 1136 2939 1358 3040; x_wconf 81' lang='lat' dir='ltr'><em>spoliabitur.</em></span> 
     </span>
     <span class='ocr_line' id='line_1_23' title="bbox 298 3055 1017 3132; baseline 0.006 -6"><span class='ocrx_word' id='word_1_156' title='bbox 298 3055 435 3128; x_wconf 87' lang='lat' dir='ltr'><em>Deinde</em></span> <span class='ocrx_word' id='word_1_157' title='bbox 452 3075 671 3132; x_wconf 82' lang='lat' dir='ltr'><em>revertentur</em></span> <span class='ocrx_word' id='word_1_158' title='bbox 687 3062 777 3131; x_wconf 81' lang='lat' dir='ltr'><em>cives</em></span> <span class='ocrx_word' id='word_1_159' title='bbox 793 3063 833 3130; x_wconf 90' lang='lat' dir='ltr'><em>in</em></span> <span class='ocrx_word' id='word_1_160' title='bbox 849 3057 1017 3130; x_wconf 78' lang='lat' dir='ltr'><em>insulam.</em></span> 
     </span>
    </p>

    <p class='ocr_par' dir='ltr' id='par_1_7' title="bbox 298 3172 1364 3504">
     <span class='ocr_line' id='line_1_24' title="bbox 348 3172 1364 3271; baseline -0.003 -27"><span class='ocrx_word' id='word_1_161' title='bbox 348 3173 447 3246; x_wconf 84' lang='lat' dir='ltr'><em>Hanc</em></span> <span class='ocrx_word' id='word_1_162' title='bbox 457 3172 708 3246; x_wconf 77' lang='lat' dir='ltr'><em>lectiimculam</em></span> <span class='ocrx_word' id='word_1_163' title='bbox 720 3173 767 3245; x_wconf 87' lang='lat' dir='ltr'><em>de</em></span> <span class='ocrx_word' id='word_1_164' title='bbox 777 3173 915 3247; x_wconf 88' lang='lat' dir='ltr'><em>Merlini</em></span> <span class='ocrx_word' id='word_1_165' title='bbox 927 3172 1049 3246; x_wconf 83' lang='lat' dir='ltr'><em>libello</em></span> <span class='ocrx_word' id='word_1_166' title='bbox 1058 3173 1230 3271; x_wconf 81' lang='lat' dir='ltr'><em>excerpsi,</em></span> <span class='ocrx_word' id='word_1_167' title='bbox 1247 3184 1364 3243; x_wconf 81' lang='lat' dir='ltr'><em>etsta·</em></span> 
     </span>
     <span class='ocr_line' id='line_1_25' title="bbox 298 3285 1361 3390; baseline 0 -34"><span class='ocrx_word' id='word_1_168' title='bbox 298 3285 424 3380; x_wconf 86' lang='lat' dir='ltr'><em>diosis,</em></span> <span class='ocrx_word' id='word_1_169' title='bbox 441 3288 655 3390; x_wconf 85' lang='lat' dir='ltr'><em>quibusipse</em></span> <span class='ocrx_word' id='word_1_170' title='bbox 666 3291 874 3388; x_wconf 80' lang='lat' dir='ltr'><em>propalatus</em></span> <span class='ocrx_word' id='word_1_171' title='bbox 884 3285 959 3361; x_wconf 82' lang='lat' dir='ltr'><em>non</em></span> <span class='ocrx_word' id='word_1_172' title='bbox 970 3301 1035 3381; x_wconf 86' lang='lat' dir='ltr'><em>est,</em></span> <span class='ocrx_word' id='word_1_173' title='bbox 1049 3287 1361 3386; x_wconf 84' lang='lat' dir='ltr'><em>quantulamcum-</em></span> 
     </span>
     <span class='ocr_line' id='line_1_26' title="bbox 298 3401 1358 3504; baseline 0.003 -33"><span class='ocrx_word' id='word_1_174' title='bbox 298 3425 368 3498; x_wconf 86' lang='lat' dir='ltr'><em>que</em></span> <span class='ocrx_word' id='word_1_175' title='bbox 382 3401 511 3476; x_wconf 82' lang='lat' dir='ltr'><em>stillam</em></span> <span class='ocrx_word' id='word_1_176' title='bbox 528 3405 735 3504; x_wconf 83' lang='lat' dir='ltr'><em>propinavi,</em></span> <span class='ocrx_word' id='word_1_177' title='bbox 754 3404 855 3503; x_wconf 83' lang='lat' dir='ltr'><em>cujus</em></span> <span class='ocrx_word' id='word_1_178' title='bbox 871 3405 1027 3503; x_wconf 89' lang='lat' dir='ltr'><em>aliquam</em></span> <span class='ocrx_word' id='word_1_179' title='bbox 1042 3417 1180 3502; x_wconf 84' lang='lat' dir='ltr'><em>partem</em></span> <span class='ocrx_word' id='word_1_180' title='bbox 1198 3403 1239 3476; x_wconf 89' lang='lat' dir='ltr'><em>in</em></span> <span class='ocrx_word' id='word_1_181' title='bbox 1251 3401 1358 3474; x_wconf 87' lang='lat' dir='ltr'><em>rebus</em></span> 
     </span>
    </p>
   </div>
   <div class='ocr_carea' id='block_1_7' title="bbox 297 3695 1361 4294">
    <p class='ocr_par' dir='ltr' id='par_1_8' title="bbox 297 3695 1360 3866">
     <span class='ocr_line' id='line_1_27' title="bbox 298 3695 1360 3776; baseline -0.008 -20"><span class='ocrx_word' id='word_1_182' title='bbox 298 3700 387 3756; x_wconf 84' lang='lat' dir='ltr'><em>Henri</em></span> <span class='ocrx_word' id='word_1_183' title='bbox 401 3700 434 3754; x_wconf 83' lang='lat'><em>1·=</em></span> <span class='ocrx_word' id='word_1_184' title='bbox 448 3700 598 3774; x_wconf 79' lang='lat' dir='ltr'><em>employait</em></span> <span class='ocrx_word' id='word_1_185' title='bbox 613 3719 686 3776; x_wconf 85' lang='lat' dir='ltr'><em>pour</em></span> <span class='ocrx_word' id='word_1_186' title='bbox 699 3703 726 3758; x_wconf 83' lang='lat' dir='ltr'><em>la</em></span> <span class='ocrx_word' id='word_1_187' title='bbox 743 3702 817 3758; x_wconf 78' lang='lat' dir='ltr'><em>tenir</em></span> <span class='ocrx_word' id='word_1_188' title='bbox 830 3719 866 3758; x_wconf 82' lang='lat' dir='ltr'><em>en</em></span> <span class='ocrx_word' id='word_1_189' title='bbox 884 3699 975 3769; x_wconf 82' lang='lat' dir='ltr'><em>bride,</em></span> <span class='ocrx_word' id='word_1_190' title='bbox 993 3716 1065 3773; x_wconf 88' lang='lat' dir='ltr'><em>pour</em></span> <span class='ocrx_word' id='word_1_191' title='bbox 1082 3714 1153 3754; x_wconf 81' lang='lat' dir='ltr'><em>nous</em></span> <span class='ocrx_word' id='word_1_192' title='bbox 1169 3695 1329 3754; x_wconf 70' lang='lat' dir='ltr'><em>conformer</em></span> <span class='ocrx_word' id='word_1_193' title='bbox 1343 3697 1360 3748; x_wconf 69' lang='grc' dir='ltr'>ὲ</span> 
     </span>
     <span class='ocr_line' id='line_1_28' title="bbox 297 3787 743 3866; baseline 0.013 -23"><span class='ocrx_word' id='word_1_194' title='bbox 297 3787 379 3844; x_wconf 72' lang='lat' dir='ltr'><em>l&#39;idie</em></span> <span class='ocrx_word' id='word_1_195' title='bbox 390 3788 431 3844; x_wconf 86' lang='lat' dir='ltr'><em>du</em></span> <span class='ocrx_word' id='word_1_196' title='bbox 444 3788 582 3864; x_wconf 57' lang='lat' dir='ltr'><em>pretendit</em></span> <span class='ocrx_word' id='word_1_197' title='bbox 596 3792 743 3866; x_wconf 69' lang='lat' dir='ltr'><em>prophbte.</em></span> 
     </span>
    </p>

    <p class='ocr_par' dir='ltr' id='par_1_9' title="bbox 297 3875 1361 4294">
     <span class='ocr_line' id='line_1_29' title="bbox 332 3875 1359 3954; baseline -0.003 -19"><span class='ocrx_word' id='word_1_198' title='bbox 332 3879 371 3953; x_wconf 81' lang='lat' dir='ltr'><em>(t)</em></span> <span class='ocrx_word' id='word_1_199' title='bbox 386 3881 426 3937; x_wconf 87' lang='lat' dir='ltr'><em>Ici</em></span> <span class='ocrx_word' id='word_1_200' title='bbox 439 3891 482 3937; x_wconf 77' lang='lat' dir='ltr'><em>eut</em></span> <span class='ocrx_word' id='word_1_201' title='bbox 492 3897 594 3938; x_wconf 83' lang='lat' dir='ltr'><em>encore</em></span> <span class='ocrx_word' id='word_1_202' title='bbox 605 3899 661 3937; x_wconf 88' lang='lat' dir='ltr'><em>une</em></span> <span class='ocrx_word' id='word_1_203' title='bbox 672 3882 795 3938; x_wconf 71' lang='lat' dir='ltr'><em>variam</em></span> <span class='ocrx_word' id='word_1_204' title='bbox 809 3881 1048 3954; x_wconf 73' lang='lat' dir='ltr'><em>uti-importante</em></span> <span class='ocrx_word' id='word_1_205' title='bbox 1056 3900 1067 3934; x_wconf 86' lang='lat'><em>.:</em></span> <span class='ocrx_word' id='word_1_206' title='bbox 1080 3879 1096 3933; x_wconf 85' lang='grc' dir='ltr'>Ι</span> <span class='ocrx_word' id='word_1_207' title='bbox 1109 3875 1359 3949; x_wconf 64' lang='lat' dir='ltr'><em>lapicidinis,</em></span> 
     </span>
     <span class='ocr_line' id='line_1_30' title="bbox 297 3963 1360 4041; baseline -0.008 -15"><span class='ocrx_word' id='word_1_208' title='bbox 297 3967 423 4026; x_wconf 79' lang='lat' dir='ltr'><em>Geoffroi</em></span> <span class='ocrx_word' id='word_1_209' title='bbox 432 3980 462 4026; x_wconf 83' lang='lat' dir='ltr'><em>et</em></span> <span class='ocrx_word' id='word_1_210' title='bbox 470 3981 534 4027; x_wconf 81' lang='lat' dir='ltr'><em>tuuc</em></span> <span class='ocrx_word' id='word_1_211' title='bbox 545 3970 586 4027; x_wconf 81' lang='lat' dir='ltr'><em>lec</em></span> <span class='ocrx_word' id='word_1_212' title='bbox 598 3981 691 4026; x_wconf 74' lang='lat' dir='ltr'><em>autres</em></span> <span class='ocrx_word' id='word_1_213' title='bbox 702 3981 753 4026; x_wconf 87' lang='lat' dir='ltr'><em>out</em></span> <span class='ocrx_word' id='word_1_214' title='bbox 764 3971 836 4028; x_wconf 69' lang='lat' dir='ltr'><em>ecrit</em></span> <span class='ocrx_word' id='word_1_215' title='bbox 847 3971 927 4036; x_wconf 63' lang='lat' dir='ltr'><em>tom</em></span> <span class='ocrx_word' id='word_1_216' title='bbox 937 3977 968 4025; x_wconf 86' lang='lat' dir='ltr'><em>et</em></span> <span class='ocrx_word' id='word_1_217' title='bbox 975 3965 1038 4041; x_wconf 77' lang='lat' dir='ltr'><em>plut</em></span> <span class='ocrx_word' id='word_1_218' title='bbox 1049 3963 1113 4022; x_wconf 80' lang='lat' dir='ltr'><em>tard</em></span> <span class='ocrx_word' id='word_1_219' title='bbox 1123 3982 1155 4020; x_wconf 83' lang='lat' dir='ltr'><em>ce</em></span> <span class='ocrx_word' id='word_1_220' title='bbox 1166 3981 1304 4038; x_wconf 71' lang='lat' dir='ltr'><em>pamgea</em></span> <span class='ocrx_word' id='word_1_221' title='bbox 1316 3963 1360 4018; x_wconf 72' lang='lat' dir='ltr'><em>ut</em></span> 
     </span>
     <span class='ocr_line' id='line_1_31' title="bbox 298 4051 1361 4132; baseline -0.006 -19"><span class='ocrx_word' id='word_1_222' title='bbox 298 4056 429 4132; x_wconf 77' lang='lat' dir='ltr'><em>applique‘</em></span> <span class='ocrx_word' id='word_1_223' title='bbox 440 4077 490 4132; x_wconf 80' lang='lat' dir='ltr'><em>par</em></span> <span class='ocrx_word' id='word_1_224' title='bbox 501 4069 564 4116; x_wconf 83' lang='lat' dir='ltr'><em>tout</em></span> <span class='ocrx_word' id='word_1_225' title='bbox 580 4057 606 4114; x_wconf 86' lang='lat' dir='ltr'><em>le</em></span> <span class='ocrx_word' id='word_1_226' title='bbox 621 4057 722 4116; x_wconf 85' lang='lat' dir='ltr'><em>monde</em></span> <span class='ocrx_word' id='word_1_227' title='bbox 735 4077 770 4114; x_wconf 83' lang='lat' dir='ltr'><em>au</em></span> <span class='ocrx_word' id='word_1_228' title='bbox 786 4060 828 4114; x_wconf 87' lang='lat' dir='ltr'><em>roi</em></span> <span class='ocrx_word' id='word_1_229' title='bbox 841 4059 930 4114; x_wconf 85' lang='lat' dir='ltr'><em>Heuri</em></span> <span class='ocrx_word' id='word_1_230' title='bbox 947 4056 1005 4122; x_wconf 85' lang='grc' dir='ltr'>ΙΙΙ,</span> <span class='ocrx_word' id='word_1_231' title='bbox 1023 4055 1147 4129; x_wconf 84' lang='lat' dir='ltr'><em>quoique</em></span> <span class='ocrx_word' id='word_1_232' title='bbox 1159 4071 1210 4110; x_wconf 75' lang='lat' dir='ltr'><em>oon</em></span> <span class='ocrx_word' id='word_1_233' title='bbox 1221 4051 1361 4108; x_wconf 70' lang='lat' dir='ltr'><em>unaue</em></span> 
     </span>
     <span class='ocr_line' id='line_1_32' title="bbox 299 4141 1361 4221; baseline -0.008 -21"><span class='ocrx_word' id='word_1_234' title='bbox 299 4145 374 4202; x_wconf 78' lang='lat' dir='ltr'><em>n’eiit</em></span> <span class='ocrx_word' id='word_1_235' title='bbox 382 4165 473 4202; x_wconf 84' lang='lat' dir='ltr'><em>aucun</em></span> <span class='ocrx_word' id='word_1_236' title='bbox 486 4157 609 4221; x_wconf 81' lang='lat' dir='ltr'><em>rapport,</em></span> <span class='ocrx_word' id='word_1_237' title='bbox 621 4151 635 4202; x_wconf 82' lang='lat' dir='ltr'><em>&#39;a</em></span> <span class='ocrx_word' id='word_1_238' title='bbox 647 4157 728 4204; x_wconf 84' lang='lat' dir='ltr'><em>notre</em></span> <span class='ocrx_word' id='word_1_239' title='bbox 740 4148 942 4216; x_wconf 71' lang='lat' dir='ltr'><em>connaissance,</em></span> <span class='ocrx_word' id='word_1_240' title='bbox 957 4161 1021 4200; x_wconf 78' lang='lat' dir='ltr'><em>accc</em></span> <span class='ocrx_word' id='word_1_241' title='bbox 1030 4143 1056 4199; x_wconf 85' lang='lat' dir='ltr'><em>la</em></span> <span class='ocrx_word' id='word_1_242' title='bbox 1066 4141 1248 4216; x_wconf 64' lang='lat' dir='ltr'><em>penpinaciti</em></span> <span class='ocrx_word' id='word_1_243' title='bbox 1261 4155 1361 4212; x_wconf 78' lang='lat' dir='ltr'><em>excop-</em></span> 
     </span>
     <span class='ocr_line' id='line_1_33' title="bbox 300 4234 793 4294; baseline 0.01 -6"><span class='ocrx_word' id='word_1_244' title='bbox 300 4234 429 4292; x_wconf 83' lang='lat' dir='ltr'><em>tionnelic</em></span> <span class='ocrx_word' id='word_1_245' title='bbox 442 4236 579 4294; x_wconf 77' lang='lat' dir='ltr'><em>attribuc&#39;c</em></span> <span class='ocrx_word' id='word_1_246' title='bbox 594 4240 608 4293; x_wconf 75' lang='lat' dir='ltr'><em>‘a</em></span> <span class='ocrx_word' id='word_1_247' title='bbox 623 4247 667 4292; x_wconf 84' lang='lat' dir='ltr'><em>cet</em></span> <span class='ocrx_word' id='word_1_248' title='bbox 680 4235 793 4293; x_wconf 75' lang='lat' dir='ltr'><em>animat.</em></span> 
     </span>
    </p>
   </div>
   <div class='ocr_carea' id='block_1_8' title="bbox 0 0 1600 5064">
    <p class='ocr_par' dir='ltr' id='par_1_10' title="bbox 0 0 1600 5064">
     <span class='ocr_line' id='line_1_34' title="bbox 0 0 1600 5064; baseline 0 0"><span class='ocrx_word' id='word_1_249' title='bbox 0 0 1600 5064; x_wconf 95' lang='lat' dir='ltr'><em> </em></span> 
     </span>
    </p>
   </div>
  </div>
 </body>
</html>
