2888 4934
106 395 225 474 [troo]
426 398 571 460 *tiana
592 400 835 461 unnectnus.
1118 406 1173 464 aar

104 528 267 601 lelmum
290 532 457 604 comitem
478 549 667 632 ceperunt,
692 534 822 631 quibus
844 560 904 607 rex
925 517 966 607 et
981 540 1083 607 amici
1103 540 1180 633 ejus

103 647 172 716 vix
201 646 424 719 abstulerunt
441 649 507 745 (l).
533 649 731 720 Rodbertus
749 649 795 720 de
816 650 997 722 stotevilla
1021 666 1057 722 et
1079 653 1178 723 Guil-

101 760 248 833 lelmus
260 761 306 833 de
320 765 498 853 Ferrariis,
517 765 646 862 aliique
663 765 782 862 plures
796 767 890 862 capti
903 781 1003 855 sunt;
1023 793 1178 864 quorum

101 875 283 971 quidam,
303 877 412 975 gratia
429 878 519 974 regis
535 878 705 966 absoluti,
724 904 791 976 pro
813 881 998 977 impetrata
1017 879 1177 954 libertate

103 989 415 1088 tripudiaverunt,
434 992 491 1064 alii
506 1018 604 1082 vero,
621 994 908 1090 promerentibus
921 994 1048 1093 culpiS,
1066 1023 1178 1094 usque

104 1105 161 1176 ad
180 1119 339 1178 mortem
357 1108 481 1181 vinclis
496 1109 622 1180 irretiti
640 1125 735 1181 sunt.

166 1225 241 1294 Rex
250 1223 384 1320 itaque,
397 1226 544 1296 victoria
555 1225 725 1322 gaudens,
738 1242 941 1299 coetussuos
952 1231 1175 1315 convocavit,

107 1361 174 1408 res
190 1362 273 1409 suas
290 1339 486 1435 prudenter
499 1339 688 1454 disposuit,
707 1356 743 1412 et
759 1357 883 1439 captos
897 1344 1017 1415 hostes
1029 1341 1178 1414 solerter

106 1453 289 1525 custodiri
302 1456 481 1553 praecepit.
499 1458 562 1528 Cui
576 1455 649 1527 dux
667 1457 716 1528 ait
733 1485 740 1526 ε
758 1459 960 1530 Proditores
975 1462 1180 1531 Normanni

90 1565 452 1659 fraudulenter-siais
460 1596 516 1640 me
525 1570 753 1658 seduxerunt,
766 1588 832 1644 eta
841 1573 998 1644 consiliis
1007 1573 1175 1668 lutefre-

112 1698 172 1753 ter
187 1685 254 1770 mi,
276 1710 353 1782 quae
370 1711 446 1756 vere
462 1685 552 1756 mihi
564 1685 721 1756 salubria
732 1685 901 1780 suessent,
920 1691 955 1757 si
968 1703 1119 1758 sectatus
1133 1713 1177 1756 ea

95 1795 275 1889 sautem,
292 1825 349 1870 me
362 1800 626 1871 subtraxerunt.
647 1801 865 1872 Felest'erares
877 1802 1072 1899 conjuravi,
1092 1801 1176 1872 dame

111 1910 163 1981 ab
179 1915 233 1984 eir
249 1919 477 2004 recessirtem,
500 1943 545 1987 ne
563 1916 630 1986 ulle·
644 1915 829 1986 redderent
847 1916 993 1987 Falest'ae
1009 1919 1174 1986 νννανιίιίο-

115 2052 212 2113 nem,
224 2032 296 2100 nni
304 2032 402 2119 miti,
411 2036 482 2103 sive
493 2031 733 2104 Guillelmode
744 2034 934 2120 Ferrariis,
946 2059 1049 2130 quem
1057 2036 1095 2103 ι’νι
1103 2057 1176 2103 om·

116 2141 221 2216 nibus
236 2147 458 2244 comprobavi
459 2146 621 2238 fidelem.
639 2155 744 2219 Nune
750 2151 868 2246 igitur,
877 2147 1002 2244 freter
1020 2153 1081 2236 mi,
1097 2147 1176 2242 ses-

119 2260 207 2347 tina,
218 2277 256 2332 et
264 2263 492 2335 Guillelnmm
502 2263 553 2334 ud
560 2263 1013 2360 recepiemlamfirmitatem
1021 2264 1171 2351 destina,

119 2376 567 2452 ueRodbertusdeBelirmo
577 2379 1170 2479 tesurreptioneproevent'atalt'qua,

118 2506 153 2561 et
157 2492 405 2582 firmissimam
414 2499 914 2593 mum'tt'onempraoccupans,
920 2520 991 2593 per
1000 2493 1175 2567 nonnulla

120 2605 181 2677 tibi
195 2611 338 2679 resistat
352 2625 522 2708 tempora.
543 2612 615 2682 Rex
634 2626 754 2683 autern
771 2609 1002 2684 amicabiliter
1018 2624 1055 2682 et
1072 2623 1175 2682 caute

120 2972 209 3028 Pascal
219 2974 261 3040 ll,
271 2991 327 3047 que
334 2973 508 3031 Gaudrialla
516 2975 652 3030 chercher
661 2979 675 3029 'a
684 2975 777 3046 Dijon.
787 2975 857 3030 Mais
866 2991 974 3028 comme
985 2973 1005 3027 il
1014 2974 1081 3027 etait
1091 2971 1174 3027 d'une

119 3060 267 3133 ignorauue
278 3063 423 3135 posuere,
434 3063 502 3137 qu'il
513 3082 548 3117 ne
558 3064 721 3117 s’entourait
732 3082 787 3136 que
797 3062 831 3117 de
842 3062 997 3128 militaires‚
1008 3059 1078 3135 qu'il
1088 3079 1123 3115 ne
1133 3077 1174 3137 sa·

120 3151 171 3207 tait
179 3151 274 3225 parler
281 3170 336 3226 qne
343 3150 377 3206 de
389 3152 485 3207 chiens
494 3163 523 3207 et
532 3152 567 3207 de
576 3151 708 3218 chevaux,
721 3170 769 3207 son
781 3150 873 3223 cierge
885 3149 911 3204 le
922 3151 979 3222 prit
988 3167 1023 3204 en
1034 3149 1172 3214 aversior,

119 3249 146 3294 et
158 3238 275 3296 l'accusa
290 3238 325 3294 de
338 3240 475 3313 plusieurs
492 3251 630 3296 meurtres
648 3250 676 3295 et
690 3250 783 3294 autres
795 3249 869 3293 actes
881 3237 916 3292 de
929 3236 1060 3293 violence.
1075 3236 1172 3304 Enlin,

120 3327 226 3401 u‘ayant
242 3347 291 3402 pas
308 3328 393 3384 vuulu
408 3328 518 3384 donner
534 3346 585 3383 son
600 3337 810 3383 consentement
824 3329 838 3381 l
854 3325 1081 3382 l'etahlissement
1098 3321 1134 3380 de
1150 3323 1175 3379 la

120 3432 264 3471 eommune
274 3416 309 3470 de
322 3418 407 3487 laon,
419 3416 491 3471 ittut
501 3418 637 3485 messuere
644 3415 713 3470 dans
722 3433 777 3470 une
786 3417 897 3469 emente
907 3413 1051 3488 populaire
1061 3413 1086 3467 le
1094 3410 1174 3494 jeudi

120 3499 228 3560 illatril
237 3508 317 3570 tlte,
329 3516 358 3560 et
366 3523 416 3561 son
427 3523 518 3578 corps,
532 3507 611 3578 apres
623 3505 699 3560 avoir
712 3523 777 3578 reeu
787 3503 863 3558 mille
873 3513 1013 3576 outrages,
1024 3511 1097 3556 resta
1107 3499 1176 3555 daus

120 3609 154 3646 uu
166 3594 224 3647 etat
235 3591 272 3647 de
283 3591 382 3648 audite
395 3593 533 3666 complete
545 3611 593 3647 rur
605 3593 630 3648 la
643 3593 703 3647 vole
716 3591 851 3666 publique
862 3590 993 3664 jusqu'au
1006 3587 1174 3645 lendemaiu.

120 3677 163 3734 On
174 3678 305 3734 l’enterra
314 3679 389 3734 enfin
397 3699 448 3753 par
458 3681 537 3753 pitie,
548 3681 685 3735 maissans
694 3679 838 3734 honneura
845 3690 874 3734 et
886 3695 948 3734 sant
957 3679 1071 3752 prienes.
1081 3678 1175 3750 Voyet

123 3766 197 3825 uatt.
213 3767 327 3836 ebroe,
341 3779 363 3824 t.
378 3769 435 3838 tx,
450 3768 504 3825 cul.
516 3772 568 3827 526
581 3779 609 3823 et
621 3770 768 3824 salvantes.

150 3858 190 3930 (t)
207 3857 233 3914 11
247 3857 297 3914 etit
314 3859 407 3913 mieux
423 3859 485 3912 vala
505 3877 577 3932 pour
592 3859 618 3915 le
635 3869 726 3929 coepte
743 3857 778 3912 de
798 3857 919 3913 ldortain
937 3869 1024 3914 rester
1040 3866 1120 3912 entre
1136 3855 1175 3910 les

121 3948 206 4002 maine
214 3946 264 4002 dea
276 3948 402 4015 Bretone,
415 3966 472 4024 que
481 3948 517 4004 de
530 3949 641 4004 tumber
653 3948 722 4003 deae
735 3948 817 4004 celles
825 3947 860 4004 de
872 3965 922 4004 son
932 3948 1009 4021 royal
1021 3947 1110 4004 oncle.
1126 3947 1176 4000 les

120 4034 234 4091 Boetous
247 4033 394 4090 l‘auraient
406 4036 549 4110 peut-&tre
563 4039 624 4105 tue,
644 4037 712 4093 mais
730 4036 763 4094 ils
780 4055 816 4092 ue
832 4036 873 4092 lui
888 4038 1016 4092 auraieut
1031 4033 1175 4109 probable·

123 4136 195 4182 ment
207 4143 256 4199 pas
267 4129 346 4183 erere
359 4125 399 4182 let
411 4145 493 4199 year.
