2888 4934
199 403 258 461 182
472 397 654 460 HISTORIA
677 397 982 460 uectuslastha
1149 405 1255 483 [1103]

195 533 280 606 dem
306 533 437 630 fugavit
460 531 536 629 (l),
563 546 670 629 atque
691 531 922 605 Guillelmum
941 531 988 605 de
1010 536 1252 626 Conversana,

194 650 339 722 fratrem
361 647 501 744 Sibyllae
525 647 711 719 comitissae
733 647 809 745 (2),
837 649 996 746 aliosque
1019 649 1140 746 plures
1160 674 1256 724 oom-

194 762 398 863 prehendit.
427 763 668 835 Animosiores
694 767 890 836 Normanni
920 765 1152 839 vehementer
1179 792 1257 841 eru·

193 878 362 969 buerunt,
381 877 479 976 quod
497 878 559 969 illi,
578 879 641 976 qui
657 894 858 951 exterarum
874 880 1026 953 victores
1042 882 1259 978 gentium-in

191 994 352 1069 barbaris
376 994 584 1092 regionibus
604 995 822 1083 floruerunt,
847 998 1003 1069 nuncin
1028 1023 1100 1069 suae
1122 998 1257 1073 telluris

192 1112 273 1183 sinu
295 1110 341 1184 ab
365 1135 440 1183 uno
458 1109 612 1181 liliorum
637 1111 721 1182 victi
743 1127 779 1184 et
801 1112 909 1209 fugati
932 1127 1028 1184 suut.
1055 1112 1258 1187 Rodbernts'

191 1227 324 1324 itaque,
341 1226 507 1299 secundis
518 1225 704 1299 eventibus
717 1227 915 1300 admodum
927 1229 1082 1317 inflatus,
1101 1230 1257 1303 ferocior

191 1344 358 1433 surrexit,
377 1357 413 1416 et
428 1343 557 1416 ducem
576 1343 705 1415 exinde
721 1345 1003 1444 floccipendens,
1023 1359 1135 1416 totam
1153 1344 1256 1417 undi-

192 1482 262 1555 que
290 1460 547 1531 Normauniam
575 1458 642 1531 sibi
666 1457 820 1532 subdere
850 1462 985 1558 sategit.
1016 1458 1256 1533 Provinciales

191 1588 325 1664 autem,
344 1589 483 1647 rectore
494 1590 669 1667 carentes,
683 1599 752 1657 nec
765 1575 923 1648 bellicosi
935 1576 1075 1648 comitis
1091 1598 1259 1674 asperam

191 1692 418 1785 tyrannidem
443 1691 533 1763 serre
556 1691 731 1782 valentes,
756 1692 822 1763 sub
842 1693 929 1790 jugo
953 1694 1029 1790 ejus
1053 1717 1117 1764 sua
1140 1691 1253 1783 colla,

192 1806 274 1879 licet
297 1808 415 1898 inviti,
445 1808 638 1899 flexerunt,
661 1811 783 1909 eique,
812 1825 980 1883 nontam
1002 1832 1256 1909 amorequam

192 1924 334 2014 timore,
355 1925 497 2022 penitus
514 1923 752 2015 adhaeserunt,
771 1927 918 2022 ejusque
935 1920 1253 2024 patrociniisflrlti,

193 2053 319 2110 contra
342 2038 488 2111 aemulos
512 2038 757 2113 cohabitantes
784 2057 942 2112 atrocem
966 2065 1129 2136 guerram
1153 2064 1256 2113 exer·

71 2149 75 2155 ’
194 2168 356 2226 cuerunt.
374 2156 431 2225 Sic
446 2155 614 2225 nimirum
627 2156 762 2227 viribus
773 2156 874 2228 ducis
886 2155 1147 2244 deficientibus,
1165 2153 1258 2227 llod·

193 2266 316 2340 bertus
334 2268 495 2340 infestior
515 2268 694 2358 ascendit,
717 2284 770 2359 et,
793 2269 1040 2341 collimitaneis
1058 2267 1257 2356 Quiritibus

195 2382 348 2455 adeum
374 2381 639 2473 deficientibus,
664 2385 877 2457 Oximorum
904 2386 1143 2457 munitionem
1166 2384 1258 2459 obti-

193 2499 283 2572 nuit.
299 2499 490 2571 Castellum
506 2525 651 2597 quoque
665 2502 841 2590 Gunterii,
860 2516 896 2571 et
909 2500 978 2571 alia
991 2500 1257 2599 quamplurima

195 2615 232 2687 in
249 2639 336 2712 gyro
355 2612 420 2685 sibi
439 2614 632 2713 municipia
651 2616 866 2713 mancipavit
882 2615 951 2710 (3).

242 2733 480 2801 Coueremato
496 2731 592 2827 apud
610 2729 824 2801 almaniscas
840 2728 1164 2802 sanctimonialium
1180 2752 1257 2800 mo-

194 2847 367 2937 nasterie,
400 2860 438 2916 ut
463 2845 598 2917 dictum
623 2860 692 2934 est,
723 2860 824 2916 tener
850 2847 1026 2943 virginum
1056 2857 1256 2917 conventus

194 2962 321 3034 misere
342 2964 521 3061 dispersus
540 2977 605 3034 est.
631 2965 876 3058 Unaquaeque,
899 2975 1004 3060 prout
1026 2959 1173 3031 facultas
1190 2957 1258 3032 sibi

195 3077 345 3148 fortuitu
362 3076 489 3148 collata
506 3091 578 3166 est,
599 3077 645 3149 ad
665 3075 756 3148 lares
778 3091 968 3176 pareutum
983 3075 1037 3145 vel
1056 3076 1257 3145 amicorum

194 3217 352 3289 regressa
368 3208 432 3263 est.
454 3197 580 3265 limma
595 3217 682 3264 vero
703 3191 880 3263 abbatissa
896 3215 979 3261 cum
1000 3189 1110 3260 ternis
1127 3189 1258 3261 sancti·

227 3520 267 3588 (l)
278 3517 412 3572 Odollant
422 3518 527 3572 Desnos
536 3517 651 3591 indique
661 3517 816 3583 Chailluue,
827 3526 907 3569 entre
917 3517 981 3570 Seez
991 3525 1019 3569 ct
1027 3515 1135 3576 Eumae,
1146 3530 1257 3567 comme

191 3608 217 3663 le
229 3608 338 3662 theatre
350 3608 384 3663 de
395 3618 467 3663 cette
479 3606 599 3663 bataille.
610 3608 632 3662 ll
643 3625 714 3662 nous
725 3607 814 3679 parait
823 3605 978 3678 preferable
989 3604 1024 3660 dc
1035 3605 1061 3660 lc
1073 3603 1165 3677 placer
1176 3613 1259 3660 entre

190 3697 216 3752 le
229 3695 400 3751 VicilUrou
413 3708 442 3751 et
454 3697 479 3751 la
493 3697 668 3771 briquetiere
682 3695 970 3768 (Salute-Anastasio).

225 3787 266 3856 (ἢ)
287 3785 326 3839 Ce
341 3786 470 3857 seigneur
487 3786 553 3841 etait
570 3785 642 3844 aussi
656 3784 712 3838 l’un
727 3784 775 3839 des
788 3784 951 3857 principatur
968 3779 1127 3836 conseillers
1143 3779 1183 3836 du
1200 3779 1258 3836 duc

189 3892 239 3930 son
254 3873 422 3928 beau-frere.

224 3964 264 4034 (3)
282 3962 359 4016 Nous
377 3980 481 4016 venons
498 3962 534 4017 de
553 3963 623 4027 voir,
645 3981 672 4034 p.
687 3963 752 4032 l'll,
774 3980 805 4015 ce
825 3962 941 4015 elrateau
963 3958 1032 4012 dans
1052 3958 1092 4011 les
1111 3956 1203 4010 mains
1220 3952 1258 4008 de

188 4049 322 4124 quelques
338 4049 492 4105 brouillons
508 4049 546 4103 du
567 4067 646 4122 pays,
666 4051 791 4104 enuemis
809 4048 847 4103 du
864 4047 933 4114 duc;
949 4045 1090 4120 peut-titre
1103 4054 1194 4098 est-ce
1207 4058 1257 4095 sur

186 4156 239 4193 eux
252 4158 307 4213 que
321 4138 347 4194 le
361 4148 452 4193 comte
468 4138 575 4194 Robert
587 4138 613 4192 le
627 4138 724 4209 reprit.
